3602 6071
401.0 225.0 3038.0 119.0 La séance ayant été ouverte, le Président a fait apporter et déposer devant lui, sur le bureau, un exemplaire du Code de justice

337.0 317.0 2984.0 118.0 militaire, du Code d'instruction criminelle et du Code pénal ordinaire, et ordonné à la garde d'amener l'accusé, qui a

334.0 387.0 3112.0 122.0 été introduit, libre et sans fers, devant le Conseil, accompagné du défenseur le soldat du 2^eme classe

337.0 465.0 2009.0 179.0 De Gasperin, du 1^er groupe, désigné d'office

384.0 849.0 2610.0 142.0 Interrogé de ses nom, prénoms, âge, lieu de naissance, état profession et domicile

445 946 629 116 a répondu se nommer.

314 991 3242 197 Taverne Augustin, Elie, Joseph, âgé de 34 ans, né a Houille, arrondissement

317.0 1146.0 3197.0 172.0 de Saint-Omer, département du Pas-de-Calais, marié, typographe, domicilié à

319 1274 3141 177 Béthune, arrondissement dudit, actuellement, caporal au 16^eme bataillon

319 1411 2472 202 de chasseurs (1^er centre d'instruction de le IV^e Armée)

400 1780 3029 193 Président, après avoir fait lire par le greffier l'ordre de convocation, le rapport prescrit par l'article 108 du Code de justice

542 1927 2680 116 , et les pièces dont la lecture lui a paru nécessaire, a fait connaître a l'accusé les faits à raison desquels il est

385 1983 121 101 mili

614.0 2000.0 2343.0 104.0 et lui a donné, ainsi qu'au défenseur, l'avertissement indiqué en l'article 121 dudit Code;

374 2038 213 122 poursuivi

698.0 2070.0 2718.0 112.0 il a procédé à l'interrogatoire de l'accusé et a fait entendre publiquement et séparément les témoins à charge (1)

435 2119 208 107 Après q

901.0 2155.0 2522.0 118.0 ; lesdits témoins ayant au préalable prêté serment de parler sans haine et sans crainte, juré de dire toute la

795 2215 147 172 vérité;

381.0 2273.0 351.0 131.0 vérité et rien q

435 2494 507 141 Et le Président ayant,

947 2501 2467 84 n outre, rempli à leur égard les formalités, prescrites par les articles 317 et 310 du Code d'instruction

381.0 2597.0 722.0 104.0 criminelle: les témoins

1124 2544 2320 137 l'adjudant Nicodienne et le chasseur Bécard, fièrement

459.0 2661.0 658.0 114.0 2) cités, ne se sont

1179 2661 2256 69 présentés. D'accord que les parties, le Conseil e garde

400 2716 825 172 qu'il serait passé outre

442.0 3156.0 3021.0 179.0 Ouï M. le Commissaire du Gouvernement en ses réquisitions tendant à ce que (3) le susnommé soit déclare

401.0 3305.0 3133.0 185.0 coupable de vol militaire, et qu'il lui soit fait application de l'article

405 3430 1631 202 248 du Code de Justice militaire

391.0 3716.0 3106.0 176.0 et l'accusé dans ses moyens de défense, tant par lui que par son défenseur, lesquels ont

388.0 3814.0 3105.0 152.0 déclaré n'avoir rien à ajouter à leurs moyens de défense, et ont eu la parole les derniers, le Président a déclaré les débats terminés,

398.0 3936.0 466.0 111.0 et il a ordonné au

886 3920 410 167 défenseur et a

1312 3910 597 127 l'accusé de se retirer.

455 4143 1470 162 L'accusé a été reconduit par l'escorte à la prison;

1930 4118 1570 162 le Commissaire du Gouvernement, le Greffier et les assistants dans

400 4249 1322 127 l'auditoire se sont retirés sur l'invitation du Président (4);

1762.0 4226.0 1772.0 101.0 le Conseil s'est retiré dans la chambre des délibérations

462.0 4307.0 3048.0 141.0 Le Conseil délibérant à huis clos, le Président a posé la question, conformément à l'article 132 du Code de justice

408.0 4421.0 625.0 98.0 militaire, ainsi qu'il suit:

653 4507 2756 213 Le caporal Taverne Augustin, Elie, Joseph, du 16^eme

400 4654 3166 167 bataillon de chasseurs (1^e centre d'instruction de la IV^e Armée) est-il

430 4806 3161 162 coupable d'avoir, le 5 Décembre 1916, à Vertus (Marne), soustrait

445 4937 3146 192 frauduleusement deux grenades, un pantalon de coutil, une peine de

475.0 5177.0 608.0 81.0 (1) Et à décharge (s'il y en a).

469.0 5204.0 3038.0 114.0 (2) Indiquer si des témoins ont été entendus sans prestation de serment, et pour quel motif ; dire que les pièces de conviction, s'il y en a, ont été représentées.

430 5271 3080 111 Indiquer, en outre, ses incidents qui ont pu ce produire, en ayant soin de préciser à quel moment du débat ils ont en lieu, ses conclusions des parties, les

425 5332 3090 116 réquisitions du ministère public, les moyens de défense présentés par l'accusé, et enfin le jugement motivé du Conseil. Dans le cas où le blanc laisse ici ne suf-

425 5393 3085 116 firait pas pour insérer toutes ces mentions, on devra indiquer l'incident et le moment du débat il s'est produit, en ajoutant qu'il y a été statué par jugement

435 5453 3085 117 séparé, lequel est joint et annexé au présent, et alors le jugement séparé doit indiquer la publicité de l'audience, se terminer par la même formule et être signé

435 5524 3080 106 de la même manière que le jugement principal, en mentionnant qu'il y sera annexé comme en taisant partie. En cas de suspension d'audience et de remise au

430 5590 1951 111 lendemain, la mention qui constate cette remise est signée par le Président et le Greffier seulement.

486.0 5662.0 2660.0 98.0 (3) Indiquer si les réquisitions tendent à la déclaration de culpabilité et, dans ce cas, les articles de loi dont l'application est demandée.

469.0 5720.0 2278.0 111.0 (4) S'il y a une chambre des délibérations, on mettra que le Tribunal s'est retiré dans la chambre des délibérations.

683 5812 1505 127 Conseil de guerre. - N^o 967 de la Nomenclature générale. - Formule n^o 16.
