3602 6071
385 232 3211 192 Enjoint au Commissaire du Gouvernement de faire donner immédiatement en sa présence lecture du présent jugement au condamné

897.0 374.0 1000.0 94.0 devant la garde rassemblée sous les armes,

344 389 3070 192 de avertir que la loi accorde un délai de trois jours francs pour se pourvoir en cassation (1), ou de vingt-quatre heures

334 516 734 131 pour se pourvoir en revision (2).

384.0 630.0 2606.0 169.0 FAIT, clos et jugé sans désemparer, en séance publique, à Châlons.S.Marne, les jour, mois et an que dessus.

385 768 3044 178 En conséquence, LE PRÉSIDENT DE LA RÉPUBLIQUE MANDE et ORDONNE à tous huissiers sur ce requis de mettre ledit jugement à

324 870 3100 146 exécution; aux Procureurs généraux et aux Procureurs de la République près les tribunaux de première instance d'y tenir la

334.0 964.0 2765.0 132.0 main; à tous commandants et officiers de la force publique de prêter main-forte lorsqu'ils en seront légalement requis.

394.0 1096.0 2168.0 131.0 En foi de quoi le présent jugement a été signé par les Membres du Conseil et par le Greffier.

678 1335 492 248 +

1362 1234 568 481 +

1864 1371 684 399 +

172 1234 592 577 +

876 1517 466 334 +

2578 1234 659 592 +

3313 2059 106 116 Cette

326 2160 1485 102 lecture faite en présence de la garde rassemblée sous les armes,

1823 2145 1719 96 Le condamné a, en outre, été averti qu'en cas de nouvelle

344 2200 3085 127 condamnation dans les conditions de l'article 1^e de le loi du 26 mars 1891. Le première peine une exécutée

2593 2342 750 233 +

405 2747 304 141 Le greffier,

425 2782 481 228 +

398.0 3025.0 2484.0 199.0 Vu la procédure instruite contre le Caporal Taverne Augustin, Elie, Joseph

347.0 3187.0 908.0 111.0 et les frais d'icelle dont le détail suit:

597.0 3288.0 2255.0 121.0 1^o Coût du transport des pièces et objets pouvant servie à conviction ou à décharge................. ......

597.0 3376.0 2252.0 94.0 2^o Honoraires des officiers de santé, médecins, chirurgiens civils, sages-femmes, experts, interprètes, traducteurs et

692.0 3436.0 2143.0 98.0 autres, appelés en justice.................................................................

611.0 3507.0 2234.0 85.0 3^o Indemnités accordées aux témoins civils et militaires..............................................

604.0 3554.0 2238.0 102.0 4^o Frais de garde de scellés et ceux de mise en fourrière.............................................

604.0 3622.0 2235.0 91.0 5^o Indemnités de route, de transport et de séjour, accordées aux membres des tribunaux militaires pour les dépla-

695.0 3672.0 2154.0 108.0 cements auxquels l'instruction des procédures peut donner lieu, ainsi que toutes autres dépenses nécessitées

698.0 3757.0 2141.0 84.0 de ce chef..............................................................................

607.0 3807.0 2242.0 98.0 6^o Port des lettres et paquets pour l'instruction, sauf le port des lettres résultant de l'application de la loi du

702.0 3888.0 2147.0 75.0 15 juin 1899............................................................................

607.0 3942.0 2235.0 91.0 7^o Frais l'impression des arrêts, jugements et ordonnances de justice, quand il y a lieu..................

604.0 4006.0 2241.0 85.0 8^o Prime de capture des contumax, des déserteurs et des insoumis......................................

607 4042 2452 116 9^o Frais résultant de l'obtention des extraits du casier judiciaire......................................... 0.25

597 4108 2452 116 10^o Prix du bulletin n^o 1 et du duplicata dudit (décret du 12 décembre 1899, art. 13)..................... 0.55

594.0 4185.0 2261.0 101.0 11^o Coût des bulletins n^o 1 et du duplicata de ces bulletins établis par les greffiers des conseils de guerre au sujet

732.0 4253.0 2113.0 84.0 des condamnations prononcées par ces conseils (décret du 12 décembre 1899, art. 13)....................

594.0 4317.0 2434.0 87.0 12^o Frais de procédure ou coût du jugement........................................................ 12^f 00

594.0 4384.0 2261.0 88.0 13^o Amende.........................................................................................

594.0 4445.0 2258.0 84.0 14^o Décimes additionnels (en France)...............................................................

594.0 4492.0 2251.0 105.0 15^o Frais fixes de procédure devant la Cour de cassation ou le Conseil de revision...........................

600.0 4559.0 2249.0 95.0 16^o Frais fixes de procédure devant le Conseil de guerre jugeant en 2^e instance.............................

1413 4629 1626 182 TOTAL.................................................. 12^f 80

421.0 4860.0 3052.0 111.0 Vu le dispositif du jugement définitif, l'article 139 du Code de justice militaire, le Président du Conseil de guerre

638 4927 2649 111 du Quartier Général de la IV Armée liquide les frais dont l'état est ci-dessus à la somme de douze francs

374 4937 249 122 permanent

388.0 5005.0 3109.0 108.0 quatre vingts centimes du montant de laquelle il délivre le présent exécutoire, pour le recouvrement de

371.0 5086.0 3011.0 104.0 ladite somme être poursuivi sur les biens présents et a venir du condamné, par les percepteurs des Contributions directes.

428.0 5173.0 3052.0 85.0 En conséquence; LE PRÉSIDENT DE LA RÉPUBLIQUE MANDE ET ORDONNE à tous huissiers sur ce requis de mettre ledit jugement à

378.0 5234.0 3099.0 105.0 exécution; aux Procureurs généraux et aux Procureurs de la République près les tribunaux de première instance d'y tenir la

381.0 5318.0 2782.0 91.0 main; à tous commandante et officiers de la force publique de prêter main-forte lorsqu'ils en seront légalement requis.

438.0 5382.0 2661.0 102.0 Fait en la Chambre du Conseil de guerre susdit, à Châlons s/ marne, le 3 Janvier 1917

440 5686 796 91 (1) En France, en Algérie et en Tunisie.

455 5737 603 106 (2) Aux colonies et aux armées.

381.0 1858.0 2967.0 101.0 L'an mil neuf cent dix sept, le trois Janvier le présent jugement a été lu par nous, Greffier soussigné, au condamné

339 1917 1023 126 Taverne, Augustin, Elie, Joseph

1459 1907 1970 131 averti par le Commissaire du Gouvernement que l'article 44 de la loi du 17 avril

334 1998 2791 131 1906 accorde trois jours pour se pourvoir en cassation (1), ou que les articles 141 et 143 du Code de justice militaire

334 2059 2948 156 accordent vingt-quatre heures pour se pourvoir en revision (2), lesquels commencent à courir de l'expiration du présent jour

334 2286 643 117 sans confusion possible

359 2347 527 116 avec la seconde

141 2403 968 172 Le présent jugement a commencé

86 2549 1064 122 à recoir son exécution le 3 janvier 1917

111 2615 1160 177 Détention préventive: du 5 déc. 1916 au 3 janv. 1917

1023 2276 795 137 Le Commissaire du Gouvernement,

1393 2372 521 279 +

2528.0 2293.0 294.0 74.0 Le Greffier,

1570 2737 628 172 EXÉCUTOIRE.

2376 5489 278 212 Le Président,

2355 5605 517 430 +
