3432 6071
124.0 283.0 3031.0 185.0 La séance ayant été ouverte, le Président a fait apporter et déposer devant lui, sur le bureau, un exemplaire du Code de justice

80.0 391.0 2974.0 168.0 militaire, du Code d'instruction criminelle et du Code pénal ordinaire, et ordonné à la garde d'amener l'accusé, qui a

74.0 455.0 3131.0 189.0 été introduit, libre et sans fers, devant le Conseil, accompagné du défenseur le soldat de 2^eme classe

87.0 559.0 1974.0 220.0 De Gasparin, du 1^er groupe, désigné d'office

126 910 2602 213 Interrogé de ses nom, prénoms, âge, lieu de naissance, état profession et domicile

158.0 1075.0 662.0 125.0 a répondu se nommer

111 1067 3189 268 Borde, Adolphe François, âgé de 19 ans, né à Cazillac, arrondissement

111.0 1247.0 3024.0 206.0 de Gourdon, département du Lot, célibataire, chauffeur mécanicien

96 1355 3163 238 domicilié à Cazillac, actuellement soldat de 2^eme classe eu 92^e Régiment

118.0 1517.0 2389.0 196.0 d'Infanterie, 1^e centre d'instruction de la IV^e Armée

161.0 1905.0 3021.0 179.0 Le Président, après avoir fait lire par le greffier l'ordre de convocation, le rapport prescrit par l'article 108 du Code de justice

121.0 1996.0 2882.0 172.0 militaire, et les pièces dont la lecture lui a paru nécessaire, a fait connaître a l'accusé les faits à raison desquels il est

121.0 2074.0 2595.0 165.0 poursuivi, et lui a donné, ainsi qu'au défenseur, l'avertissement indiqué en l'article 121 dudit Code;

172.0 2134.0 3013.0 172.0 Après quoi, il a procédé à l'interrogatoire de l'accusé et a fait entendre publiquement et séparément les témoins à charge (1)

664.0 2205.0 2531.0 176.0 ; lesdits témoins ayant au préalable prêté serment de parler sans haine et sans crainte, juré de dire toute la

118.0 2340.0 644.0 125.0 vérité et rien que la vérité;

177 2468 3027 274 Et le Président ayant, en outre, rempli a leur égard les formalités prescrites par les articles 317 et 319 du Code d'instruction

131 2661 263 131 criminelle;

187 2762 76 157 (2)

197 3156 3042 263 Ouï M. le Commissaire du Gouvernement en ses réquisitions tendent à ce que (3) le susnommé soit déclaré

182 3298 3199 263 coupable des faits, relevés contre lui dans l'ordre de mise en jugement,

167 3425 3067 253 et qu'il lui soit fait application des articles 271. 223 et 224 du Code

156 3617 922 147 de Justice militaire

156 3799 542 182 et l'accusé dans

779 3748 1245 193 ses moyens de défense, tant par lui

2191 3764 1033 151 que par son défenseur, lesquels on

172 3844 3057 233 déclaré n'avoir rien à ajouter à leurs moyens de défense, et ont eu la parole les derniers, le Président a déclaré les débats terminés,

172 4016 349 137 et il a ordonné

531 3991 496 122 au défenseur et

1037 3971 648 147 a l'accusé de se retirer.

237 4209 1448 182 L'accusé a été reconduit par l'escorte à la prison;

1710 4123 1438 217 le Commissaire du Gouvernement, le Greffier et les assistants

187 4310 1321 157 l'auditoire se sont retirés sur l'invitation du Président (4);

1523 4239 1863 177 le Conseil s'est retiré dans la chambre des délibérations

258 4320 2986 223 Le Conseil délibérant à huis clos, le Président a posé les question, conformément à l'article 132 du Code de justice

187 4492 612 142 militaire, ainsi qu'il suit:

55 4462 3371 313 1^o Le soldat de 2^eme classe Borde, Adolphe, François du 92^e Régime d'Infanterie

192 4644 3204 248 (1^er centre d'instruction de la IV Armée), est-il coupable d'avoir, le 3 Décembre

227 4780 3184 269 1916, à Avize (Marne) été trouvé en état d'ivresse manifeste, dans une

227 4998 355 192 rue?

278 5226 587 126 (1) Et à décharge (s'il y en a).

278 5221 3012 192 (2) Indiquer si des témoins ont été entendus sans prestation de serment, et pour quel motif ; dire que les pièces de conviction, s'il y en a, ont été représentées.

232 5281 3058 193 Indiquer, en outre, ses incidents qui ont pu ce produire, en ayant soin de préciser à quel moment du débat ils ont en lieu, ses conclusions des parties, les

232 5342 3063 197 réquisitions du ministère public, les moyens de défense présentés par l'accusé, et enfin le jugement motivé du Conseil. Dans le cas où le blanc laisse ici ne suf-

237 5403 3068 202 firait pas pour insérer toutes ces mentions, on devra indiquer l'incident et le moment du débat il s'est produit, en ajoutant qu'il y a été statué par jugement

242 5468 3063 193 séparé, lequel est joint et annexé au présent, et alors le jugement séparé doit indiquer la publicité de l'audience, se terminer par la même formule et être signé

232 5529 3068 187 de la même manière que le jugement principal, en mentionnant qu'il y sera annexé comme en taisant partie. En cas de suspension d'audience et de remise au

237 5640 1944 137 lendemain, la mention qui constate cette remise est signée par le Président et le Greffier seulement.

293 5651 2637 202 (3) Indiquer si les réquisitions tendent à la déclaration de culpabilité et, dans ce cas, les articles de loi dont l'application est demandée.

298 5757 2263 172 (4) S'il y a une chambre des délibérations, on mettra que le Tribunal s'est retiré dans la chambre des délibérations.

496 5833 1503 167 Conseil de guerre. - N^o 967 de la Nomenclature générale. - Formule n^o 16.
