3470 6062
124.0 175.0 3140.0 168.0 Le même est-il coupable d'avoir aux mêmes date et lieu, outragé par paroles, son

101 292 2579 213 supérieur, le Sergent major Segines du même régiment?

465 434 2458 232 Les dits outrages ont-ils eu lieu pendent le service?

141.0 626.0 3130.0 178.0 Le même est-il coupable d'avoir, aux mêmes date et lieu, exercé des voies

101.0 767.0 3055.0 196.0 de fait envers son Supérieur, le sergent-major Segines, du même

116 924 561 182 régiment?

485 1030 2721 237 Les dites voies de fait ont-elles eu lieu pendant le service?

187 1394 2949 161 Les voix recueilles séparément, conformément à l'article 131 du Code de justice militaire, en commençant par le grade intérieur,

116 1510 1973 111 le Président ayant émis son opinion le dernier, le Conseil de guerre permanent déclare

136 1596 1700 192 Sur la 1^ere question, à l'unanimité

2175 1621 197 142 oui

111 1742 1725 177 Sur la 2^e question, à l'unanimité

2175 1757 192 147 oui

111 1874 1725 176 sur la 3^e question, à l'unanimité

2170 1874 222 156 oui

101 1990 1735 167 Sr la 4^eme question, à l'unanimité

2170 2000 257 136 oui

85 2096 1751 197 Sur le 5^eme question, à l'unanimité

2175 2141 273 162 oui

360.0 2313.0 2476.0 162.0 à la majorité, il existe des circonstances atténuantes

166 2626 2970 157 Sui quoi, et attendu les conclusions prises par le Commissaire du Gouvernement dans ses réquisitions, le Président a lu le texte

111 2717 3020 167 de la loi, recueilli de nouveau les voix dans la forme prescrite par les articles 131 et 134 du Code de justice militaire pour l'appli-

106 2808 425 106 cation de la peine.

165.0 2876.0 2489.0 117.0 Le Conseil est rentré en séance publique, le Président a lu les motifs qui précèdent et le dispositif ci-dessous.

154.0 2956.0 3046.0 128.0 En conséquence, le Conseil (1) condamne le Soldat de 2^eme classe Borde Adolphe François

35 3020 3070 167 1^o à l'unanimité, à la peine de deux mois de prison, pour ivresse, 2^o à la

80 3137 3147 156 majorité de quatre voix contre une, à la peine de huit ans de travaux publics,

128.0 3246.0 3085.0 158.0 le condamne, en outre, aux frais envers l'Etat, et, a l'unanimité, fixe eu minimum

111 3344 3085 171 la durée de la contrainte par cops, le tout par application des articles 135, 139

121.0 3448.0 3086.0 162.0 223, 271 du Code de Justice militaire, 1^er de la loi de 19 Juillet 1901, et 9 de la

116 3546 1426 151 loi du 22 Juillet 1867, ainsi conçus:

85 3647 3091 182 Art 271 du Code de Justice militaire: « Sont laissées à la répression de l'autorité militaire, et punies d'un

111.0 3775.0 3092.0 155.0 emprisonnement, dont la durée ne peut excéder deux mois 1^o: les contreventions de police commises

91 3869 3121 192 par les militaires......Toutefois l'autorité militaire peut toujours, suivant la gravité des faits, déférer

91 3975 3050 217 le jugement des contraventions de police au Conseil de guerre, qui applique la peine déterminée par le

101 4117 622 116 présent article. »

85 4218 3137 151 Art 135 du Code de Justice militaire: « En cas de conviction de plusieurs crimes ou délits, la peine la plus

124.0 4307.0 1014.0 158.0 forte et Seule prononcée »

101 4400 3141 207 Art 223 du Code de Justice militaire:  « Les voies de fait exercées pendant le service, ou à l'occasion

107.0 4536.0 2918.0 158.0 du service, par un militaire envers son supérieur, sont punies de morts. »

101.0 4650.0 3096.0 162.0 Art 1 de loi du 19 Juillet 1901: « Si la peine est celle de mort sans dégradation militaire, le Conseil de

117.0 4785.0 2979.0 145.0 guerre appliquera la peine des travaux publics, pour une durée de cinq à dix années. »

101 4884 2994 157 Art 139 du Code de Justice militaire: « Le jugement qui prononcera une peine contre

107.0 4987.0 2126.0 145.0 l'accusé le condamne aux frais envers l'Etat. »

107.0 5095.0 3096.0 145.0 Art 9 de la loi du 22 Juillet 1867: « La durée de la contrainte par corps est réglée

111 5183 2979 176 ainsi qu'il suit: de deux jours : vingt jours lorsque l'amende et les

111 5309 2438 182 autres condamnations n'excèdent par cinquante francs. »

121 5632 3020 81 (1) Avoir soin de spécifier, s'il y a lieu, après t'indication de la peine infligée, la décision motivée du Conseil relative à ma non-imputation pour tout ou

85 5678 1331 106 partie de la détention préventive sur la durée de la peine prononcée.
