3610 6071
411.0 232.0 3020.0 142.0 La séance ayant été ouverte, le Président a fait apporter et déposer devant lui, sur le bureau, un exemplaire du Code de justice

347.0 327.0 3063.0 124.0 militaire, du Code d'instruction criminelle et du Code pénal ordinaire, et ordonné à la garde d'amener les accusés, qui ont

347.0 404.0 2966.0 132.0 été introduits, libres, et sans fers, devant le Conseil, du accompagné du défenseur le brigadier Hugon

320.0 489.0 1964.0 151.0 de la 62^eme batterie, demandé par les inculpés

405 829 2582 177 Interrogés de leurs nom, prénoms, âge, lieu de naissance, état profession et domicile

411.0 957.0 672.0 102.0 ont répondu se nommer

318 971 3119 187 Lagier Cesar, Louis, âgé de 25 ans, né à Oran, arrondissement dudit, province d'Oran

329 1087 3250 157 célibataire, charron, domicilié a Sidi-bel.Abbès, arrondissement d'Oran, actuellement

318 1188 2643 157 maitre pointeur à la 62^eme batterie du 3^eme Régiment d'Artillerie à pied

344 1264 3225 162 Laporte Jean, âgé de 29 ans, né à Misserghin, arrondissement d'Oran (Algérie)

303 1350 3124 157 marié, employé de chemin de fer à le Compagnie P.L.m domicilié à Missenghin

303 1451 3079 147 actuellement maitre pointeur à la 62^eme batterie du 3^eme Régiment d'Artillerie à pied

288 1527 3215 147 Colomer, François, Isidore, âgé de 24 ans, né à Boukanéfis, arrondissement d'Oran

298 1623 3266 142 (Algérie) chauffeur - mécanicien, célibataire, domicilié à Side-bel-Abbés, arrondissement

303 1699 3241 152 d'Oran, actuellement 2^eme Canonnier servant à la 62^eme batterie du 3^eme Régiment

303 1775 770 112 d'artillerie à pied

374.0 1865.0 3047.0 108.0 Le Président, après avoir fait lire par le greffier l'ordre de convocation, le rapport prescrit par l'article 108 du Code de justice

323.0 1952.0 3060.0 102.0 militaire, et les pièces dont la lecture lui a paru nécessaire, a fait connaitre aux accusés les faits a raison desquels ils sont

327.0 2020.0 2614.0 111.0 poursuivis, et leur a donné, ainsi qu'au défenseur, l'avertissement indiqué en l'article 121 dudit Code;

374.0 2101.0 3023.0 101.0 Après quoi, il a procédé à l'interrogatoire des accusés et a fait entendre publiquement et séparément les témoins à charge (1)

880.0 2178.0 2524.0 95.0 ; lesdits témoins ayant au préalable prêté serment de parler sans haine et sans crainte, juré de dire toute la

323.0 2239.0 628.0 94.0 vérité et rien que la vérité;

371.0 2492.0 3026.0 125.0 Et le Président ayant, en outre, rempli à leur égard les formalités prescrites par les articles 317 et 319 du Code d'instruction

323.0 2583.0 253.0 84.0 criminelle;

374 2630 71 142 (2)

350.0 3173.0 3098.0 149.0 Ouï M. le Commissaire du Gouvernement en ses réquisitions tendant à ce que (3) le sus.nommés soient

296.0 3261.0 3249.0 223.0 déclarés coupables de falsification de feuille de route, et qu'il leur soit

310.0 3403.0 2540.0 199.0 fait application des articles 156 et 164 du Code pénal

293.0 3716.0 3101.0 166.0 et les accusés dans leurs moyens de défense, tant par eux que par leu défenseur, lesquels ont

293.0 3824.0 3094.0 128.0 déclaré n'avoir rien à ajouter à leurs moyens de défense, et ont eu la parole les derniers, le Président a déclaré les débats terminés,

300.0 3915.0 1518.0 95.0 et il a ordonné au défenseur et aux accusés de se retirer.

354 4108 1453 166 Les accusés ont été reconduit par l'escorte à la prison;

1822 4133 1550 157 le Commissaire du Gouvernement, le Greffier et les assistants dans

303 4214 1307 136 l'auditoire se sont retirés sur l'invitation du Président (4);

1630 4244 1853 127 le Conseil s'est retiré dans le chambre des délibérations

350.0 4313.0 3033.0 135.0 Le Conseil délibérant à huis clos, le Président a posé les questions, conformément à l'article 132 du Code de justice

300.0 4391.0 614.0 98.0 militaire, ainsi qu'il suit:

188.0 4468.0 3050.0 186.0 1^o Le maitre-pointeur Lagier, César Louis, de la 62^eme batterie du 3^eme Régiment

286.0 4610.0 3189.0 199.0 d'Artillerie à pied, est-il coupable d'avoir, le 2 Décembre 1916, à Marseille, falsifié

280.0 4735.0 3147.0 199.0 un titre de permission, lui servant de feuille de route, originairement véritable, en

283.0 4863.0 3138.0 196.0 substituant aux chiffres 1^er 2 Décembre, jours d'arrivée et de départ de celte localité,

290.0 5001.0 3171.0 199.0 les chiffres 2 et 3 Décembre, dans le seul but de tromper la surveillance de l'autorité publique

75 1087 188 112 dudit

65 1148 241 114 Le greffier

45 1229 268 147 +

126 1391 51 116 de

40 1471 274 72 Sidi-bel-Abbès

81 1517 187 117 Le greffier

45 1553 228 141 +

96 1644 126 162 dudit

60 1760 198 111 Le greffier

55 1821 238 197 +

332 5165 632 56 (1) Et à décharge (s'il y en a).

339 5185 3043 157 (2) Indiquer si des témoins ont été entendus sans prestation de serment, et pour quel motif ; dire que les pièces de conviction, s'il y en a, ont été représentées.

303 5246 3058 157 Indiquer, en outre, ses incidents qui ont pu ce produire, en ayant soin de préciser à quel moment du débat ils ont en lieu, ses conclusions des parties, les

303 5317 3053 146 réquisitions du ministère public, les moyens de défense présentés par l'accusé, et enfin le jugement motivé du Conseil. Dans le cas où le blanc laisse ici ne suf-

303 5382 3063 147 firait pas pour insérer toutes ces mentions, on devra indiquer l'incident et le moment du débat il s'est produit, en ajoutant qu'il y a été statué par jugement

303 5443 3074 152 séparé, lequel est joint et annexé au présent, et alors le jugement séparé doit indiquer la publicité de l'audience, se terminer par la même formule et être signé

303 5509 3069 157 de la même manière que le jugement principal, en mentionnant qu'il y sera annexé comme en taisant partie. En cas de suspension d'audience et de remise au

303 5565 1939 126 lendemain, la mention qui constate cette remise est signée par le Président et le Greffier seulement.

344.0 5642.0 2638.0 125.0 (3) Indiquer si les réquisitions tendent à la déclaration de culpabilité et, dans ce cas, les articles de loi dont l'application est demandée.

350.0 5699.0 2261.0 125.0 (4) S'il y a une chambre des délibérations, on mettra que le Tribunal s'est retiré dans la chambre des délibérations.

551 5818 1484 96 Conseil de guerre. - N^o 967 de la Nomenclature générale. - Formule n^o 16.
