3470 6062
266.0 239.0 2991.0 202.0 souliers de repos, et une ceinture de flanelle, appartenant à

283 383 551 228 l'Etat?

313 1353 2949 202 Les voix recueillies séparément, conformément à l'article 131 du Code de justice militaire, en commençant par le grade inférieur,

269.0 1471.0 1967.0 142.0 le Président ayant émis son opinion le dernier, le Conseil de guerre permanent déclare

526 1560 940 243 à l'unanimité:

1755 1672 182 126 Oui

424 1843 2671 319 à la majorité, il existe des circonstances atténuantes

303 2611 2959 172 Sur quoi, et attendu les conclusions prises par le Commissaire du Gouvernement dans ses réquisitions, le Président a lu le texte

242 2707 2995 197 de la loi, recueilli de nouveau les voix dans la forme prescrite par les articles 131 et 134 du Code de justice militaire pour l'appli-

247 2793 410 116 cation de la peine.

320.0 2862.0 2469.0 135.0 Le Conseil est rentré en séance publique, le Président a lu les motifs qui précèdent et le dispositif ci-dessous.

303.0 2946.0 2978.0 148.0 En conséquence, le Conseil (1) condamne le Caporal Taverne Augustin, Elie, Joseph,

256.0 3024.0 3021.0 182.0 à l'unanimité, à la peine de un an de prison: aux frais envers l'Etat

247 3132 3030 176 et, à l'unanimité, fixe au minimum, la durée de la contrainte par corps. Le tout

232 3207 3066 202 par application des articles 248139 du Code de Justice militaire, 463 du Code

252 3308 2196 172 pénal, et 9 de la loi du 22 Juillet 1867, ainti conçus

225.0 3414.0 3049.0 145.0 Art. 248 du Code de Justice militaire: « Le vol des armées et des munitions appartenant à l'Etat

235.0 3509.0 2911.0 165.0 celui de l'argent de l'ordinaire, de la solde, des deniers ou effets quelconques

249.0 3606.0 3015.0 169.0 appartenant à des militaires ou à l'Etat...... est puni....; Si le coupable n'est pas

208.0 3701.0 1954.0 145.0 comptable, le peine est celle de la réclusion »

235.0 3802.0 2928.0 168.0 Art. 463 du Code pénal: « Si la peine est celle de le réclusion... la Cour appliquera les

232.0 3899.0 3066.0 176.0 dispositions de l'art. 401, sans toutefois pouvoir réduire la durée de l'emprisonnement

239.0 4000.0 919.0 128.0 en dessous d'un an. »

225.0 4098.0 3056.0 182.0 Art 139 du Code de Justice militaire: « Le jugement qui prononce une peine contre l'accusé,

239.0 4196.0 1597.0 138.0 le condamne aux frais envers l'Etat. »

218.0 4287.0 2999.0 182.0 Art 9 de le loi du 22 Juillet 1867: « La durée de la contrainte par corps est réglée ainsi

249.0 4405.0 2911.0 165.0 qu'il Suit: de deux jours à vingt jours, lorsque l'amende et la autres

232.0 4512.0 2001.0 155.0 condamnations n'excédent pas cinquante francs. »

727.0 4634.0 2550.0 144.0 Et, attendu que les renseignements recueillis sur le condamné

239.0 4741.0 2981.0 125.0 Taverne lui Sont favorables, et qu'il n'a pas subi de condamnation

229.0 4846.0 3015.0 134.0 antérieure, le Conseil ordonne, à l'unanimité, qu'il sera sursis à

222.0 4964.0 3096.0 151.0 l'exécution de le peine qui vient d'être prononcée contre lui conformément

202.0 5071.0 3032.0 122.0 aux articles, 1^e de la loi du 26 Mars 1891, 1^e de la loi du 28 Juin 1904

195.0 5172.0 1489.0 162.0 et 2 de la loi du 27 Avril 1916

259.0 5644.0 2954.0 94.0 (1) Avoir soin de spécifier, s'il y a lieu, après t'indication de la peine infligée, la décision motivée du Conseil relative à ma non-imputation pour tout ou

225.0 5708.0 1304.0 104.0 partie de la détention préventive sur la durée de la peine prononcée.

25 3086 187 126 condamne

25 3172 126 96 outre

15 3228 141 116 greffier

10 3308 167 177 +
