<?xml version="1.0" encoding="UTF-8"?>
<alto xmlns:xsi="http://www.w3.org/2001/XMLSchema-instance"
      xmlns="http://www.loc.gov/standards/alto/ns-v4#"
      xsi:schemaLocation="http://www.loc.gov/standards/alto/ns-v4# http://www.loc.gov/standards/alto/v4/alto-4-2.xsd">
  <Description>
    <MeasurementUnit>pixel</MeasurementUnit>
    <sourceImageInformation>
      <fileName>11_J_75(2)_0008.jpg</fileName>
      
    </sourceImageInformation>
  </Description>
  
  <Tags>
    <OtherTag ID="BT16575" LABEL="MarginTextZone" DESCRIPTION="block type MarginTextZone"/><OtherTag ID="BT16576" LABEL="DamageZone" DESCRIPTION="block type DamageZone"/><OtherTag ID="BT16577" LABEL="DigitizationArtefactZone" DESCRIPTION="block type DigitizationArtefactZone"/><OtherTag ID="BT16578" LABEL="DropCapitalZone" DESCRIPTION="block type DropCapitalZone"/><OtherTag ID="BT16579" LABEL="GraphicZone" DESCRIPTION="block type GraphicZone"/><OtherTag ID="BT16580" LABEL="MusicZone" DESCRIPTION="block type MusicZone"/><OtherTag ID="BT16581" LABEL="NumberingZone" DESCRIPTION="block type NumberingZone"/><OtherTag ID="BT16582" LABEL="QuireMarksZone" DESCRIPTION="block type QuireMarksZone"/><OtherTag ID="BT16583" LABEL="RunningTitleZone" DESCRIPTION="block type RunningTitleZone"/><OtherTag ID="BT16584" LABEL="SealZone" DESCRIPTION="block type SealZone"/><OtherTag ID="BT16585" LABEL="StampZone" DESCRIPTION="block type StampZone"/><OtherTag ID="BT16586" LABEL="TableZone" DESCRIPTION="block type TableZone"/><OtherTag ID="BT16587" LABEL="TitlePageZone" DESCRIPTION="block type TitlePageZone"/><OtherTag ID="BT19261" LABEL="MainZone" DESCRIPTION="block type MainZone"/><OtherTag ID="BT21623" LABEL="MainZone-judgementNumber" DESCRIPTION="block type MainZone-judgementNumber"/><OtherTag ID="BT21624" LABEL="MainZone-judgementPlace" DESCRIPTION="block type MainZone-judgementPlace"/><OtherTag ID="BT21625" LABEL="MainZone-orderNumber" DESCRIPTION="block type MainZone-orderNumber"/><OtherTag ID="BT21626" LABEL="MainZone-crimeDate" DESCRIPTION="block type MainZone-crimeDate"/><OtherTag ID="BT21627" LABEL="MarginTextZone-note" DESCRIPTION="block type MarginTextZone-note"/><OtherTag ID="BT21628" LABEL="QuireMarksZone-signature" DESCRIPTION="block type QuireMarksZone-signature"/><OtherTag ID="BT21629" LABEL="CustomZone-signature" DESCRIPTION="block type CustomZone-signature"/><OtherTag ID="BT21630" LABEL="MarginTextZone-addition" DESCRIPTION="block type MarginTextZone-addition"/>
    <OtherTag ID="LT6926" LABEL="DefaultLine" DESCRIPTION="line type DefaultLine"/><OtherTag ID="LT6927" LABEL="HeadingLine" DESCRIPTION="line type HeadingLine"/><OtherTag ID="LT6928" LABEL="InterlinearLine" DESCRIPTION="line type InterlinearLine"/><OtherTag ID="LT8439" LABEL="CustomLine:scratched" DESCRIPTION="line type CustomLine:scratched"/><OtherTag ID="LT8440" LABEL="CustomLine:signature" DESCRIPTION="line type CustomLine:signature"/><OtherTag ID="LT8441" LABEL="CustomLine:margin" DESCRIPTION="line type CustomLine:margin"/><OtherTag ID="LT8442" LABEL="default" DESCRIPTION="line type default"/>
  </Tags>
  
  <Layout>
    <Page WIDTH="3875"
          HEIGHT="6229"
          PHYSICAL_IMG_NR="206"
          ID="eSc_dummypage_">
      <PrintSpace HPOS="0"
                  VPOS="0"
                  WIDTH="3875"
                  HEIGHT="6229">
        
        <TextBlock HPOS="128.0"
                   VPOS="132.0"
                   WIDTH="3601.0"
                   HEIGHT="5426.0"
                   ID="fd193b1c-0ade-49d6-9bc3-73c43a265092"
                   TAGREFS="BT19261">
          <Shape><Polygon POINTS="128 132 3729 132 3729 5558 128 5558 128 132"/></Shape>
          
          
          <TextLine ID="b1ea6353-4e17-405c-84d4-cfe43026d627"
                    TAGREFS="LT6926"
                    BASELINE="432 290 810 297 2226 363 3480 380" 
                    HPOS="429.0"
                    VPOS="186.0"
                    WIDTH="3051.0"
                    HEIGHT="260.0">
            <Shape><Polygon POINTS="432 290 429 314 1052 335 1083 359 1087 359 1090 359 1094 359 1097 359 1101 359 1139 339 1471 349 1561 380 1565 380 1568 380 1779 370 1849 401 1852 401 2053 408 2056 408 2060 408 2112 391 2316 415 2320 415 2323 415 2413 391 2465 418 2469 418 2576 422 2579 422 2583 422 2666 391 2936 422 2940 422 2943 422 3023 401 3258 446 3262 446 3476 408 3480 380 3476 307 2915 263 2912 263 2798 287 2285 276 2233 242 2230 242 2226 242 2223 242 2105 266 2011 238 2008 238 2005 238 1852 259 1727 228 1724 228 1721 228 1295 242 1243 211 1239 211 1236 211 1232 211 1080 228 1028 204 1025 204 1021 204 855 221 806 200 803 200 432 186 432 290"/></Shape>
	    <String CONTENT="Les voix recueillies séparement en commençant par le grade inferieur le Président ayant"
                    HPOS="429.0"
                    VPOS="186.0"
                    WIDTH="3051.0"
                    HEIGHT="260.0"></String>
          </TextLine>

          
          
          <TextLine ID="3fa97012-90b2-44b4-931e-3ddc95c02ea2"
                    TAGREFS="LT6926"
                    BASELINE="339 404 1993 476" 
                    HPOS="332"
                    VPOS="321"
                    WIDTH="1657"
                    HEIGHT="192">
            <Shape><Polygon POINTS="337 399 332 430 1979 513 1989 472 1984 389 337 321 337 399"/></Shape>
	    <String CONTENT="émis son opinion le dernier, le Conseil déclare:"
                    HPOS="332"
                    VPOS="321"
                    WIDTH="1657"
                    HEIGHT="192"></String>
          </TextLine>

          
          
          <TextLine ID="09eda8e5-3ef4-4a3e-95c7-5d9b5f3dac94"
                    TAGREFS="LT6926"
                    BASELINE="432 526 1977 598 3185 626" 
                    HPOS="429.0"
                    VPOS="439.0"
                    WIDTH="2756.0"
                    HEIGHT="239.0">
            <Shape><Polygon POINTS="432 526 429 546 869 564 910 598 914 598 917 598 921 598 1080 574 1184 595 1187 598 1561 598 1658 626 1662 626 1665 626 1811 609 1852 626 1856 626 1859 629 2268 629 2327 650 2330 650 2334 650 2475 636 2908 674 2912 674 2915 674 2998 654 3175 678 3185 626 3182 536 3005 567 2804 560 2732 519 2728 519 2725 519 2721 519 2642 553 2462 550 2358 505 2354 505 2351 505 2181 536 2018 532 1973 494 1970 494 1966 494 1963 494 1960 494 1901 522 1731 522 1599 515 1534 484 1530 484 1527 484 1371 505 1326 474 1322 474 1319 474 1315 474 1312 474 1250 498 1205 463 1201 463 1198 463 1194 463 1059 491 969 453 966 453 962 453 820 467 772 446 768 446 432 439 432 526"/></Shape>
	    <String CONTENT="A la majorité de quatre voix contre une, non, l&#x27;accusé Carrere, n&#x27;est pas coupable;"
                    HPOS="429.0"
                    VPOS="439.0"
                    WIDTH="2756.0"
                    HEIGHT="239.0"></String>
          </TextLine>

          
          
          <TextLine ID="cc52e023-9cd5-446e-9daf-f8ba58e30d92"
                    TAGREFS="LT6926"
                    BASELINE="519 671 872 671 2465 754 3597 778" 
                    HPOS="515.0"
                    VPOS="570.0"
                    WIDTH="3082.0"
                    HEIGHT="267.0">
            <Shape><Polygon POINTS="519 671 515 688 945 699 1205 744 1208 744 1381 723 1554 747 1558 747 1693 733 1755 764 1759 764 1970 775 1973 775 2098 757 2171 778 2174 778 2178 778 2275 764 2382 785 3203 816 3206 816 3476 806 3584 837 3597 778 3597 699 3521 681 3518 681 3514 681 3438 716 3106 705 3043 674 3040 674 3036 674 3033 674 2964 695 2673 688 2458 647 2455 647 2344 671 2185 643 2181 643 2074 660 1818 609 1814 609 1558 640 1492 640 1392 591 1388 591 1385 591 1381 591 1315 612 1170 584 1167 584 1163 584 1049 619 879 570 876 570 872 570 519 574 519 671"/></Shape>
	    <String CONTENT="Le Président a alors posé au Conseil la question subsidiaire suivante comme résultant"
                    HPOS="515.0"
                    VPOS="570.0"
                    WIDTH="3082.0"
                    HEIGHT="267.0"></String>
          </TextLine>

          
          
          <TextLine ID="5e2391ed-2233-4746-9c6d-540f3807f0a2"
                    TAGREFS="LT6926"
                    BASELINE="335 768 754 775" 
                    HPOS="332.0"
                    VPOS="688.0"
                    WIDTH="422.0"
                    HEIGHT="139.0">
            <Shape><Polygon POINTS="335 768 332 795 543 827 547 827 751 809 754 775 751 688 335 692 335 768"/></Shape>
	    <String CONTENT="des débats."
                    HPOS="332.0"
                    VPOS="688.0"
                    WIDTH="422.0"
                    HEIGHT="139.0"></String>
          </TextLine>

          
          
          <TextLine ID="fd03684d-bce6-4643-8ddb-f349709c07a5"
                    TAGREFS="LT6926"
                    BASELINE="505 930 997 937 2278 1000 3414 1024" 
                    HPOS="502.0"
                    VPOS="806.0"
                    WIDTH="2912.0"
                    HEIGHT="266.0">
            <Shape><Polygon POINTS="502 955 765 989 768 989 1212 982 1464 1017 1468 1017 1624 1000 1807 1024 1811 1024 1921 1007 2070 1038 2074 1038 2216 1017 2264 1041 2268 1041 2420 1052 2652 1058 2656 1058 2659 1058 2662 1058 2697 1038 3016 1072 3019 1072 3203 1052 3407 1062 3414 1024 3414 955 3085 903 3081 903 3078 903 2964 934 2656 927 2614 889 2611 889 2607 889 2604 889 2600 889 2489 917 2327 917 2105 865 2101 865 1928 899 1831 851 1828 851 1824 851 1693 878 1527 840 1523 840 1371 861 1198 830 1194 830 1191 830 1146 851 990 827 986 827 983 827 934 844 509 806 505 930 502 955"/></Shape>
	    <String CONTENT="Le soldat de 1^ere Classe Carrère, Edouard, Louis, du 7^e Régiment d&#x27;Infanterie,"
                    HPOS="502.0"
                    VPOS="806.0"
                    WIDTH="2912.0"
                    HEIGHT="266.0"></String>
          </TextLine>

          
          
          <TextLine ID="1fb100f6-89ac-44db-8ade-245c185ea898"
                    TAGREFS="LT6926"
                    BASELINE="315 1055 2240 1138 3476 1162" 
                    HPOS="311.0"
                    VPOS="965.0"
                    WIDTH="3165.0"
                    HEIGHT="253.0">
            <Shape><Polygon POINTS="315 1055 311 1086 349 1107 353 1107 356 1107 360 1107 422 1090 879 1103 938 1128 941 1128 945 1128 948 1128 983 1110 1153 1114 1184 1138 1187 1138 1191 1138 1194 1138 1433 1135 1565 1159 1689 1162 1693 1162 1696 1162 1745 1138 1925 1169 1928 1169 2271 1159 2327 1186 2330 1186 2995 1211 2998 1211 3085 1197 3185 1218 3189 1218 3307 1197 3469 1204 3476 1162 3476 1110 3407 1086 3404 1086 3400 1086 3230 1100 3182 1069 3178 1069 3175 1069 3172 1069 3168 1069 3165 1069 3120 1096 3026 1062 3023 1062 3019 1062 3016 1062 2950 1086 2891 1055 2888 1055 2884 1055 2881 1055 2780 1083 2680 1048 2676 1048 2673 1048 2669 1048 2579 1072 2527 1041 2524 1041 2521 1041 2517 1041 2337 1069 1679 1045 1606 1010 1603 1010 1599 1010 1475 1038 1378 1000 1374 1000 1160 993 1156 993 1153 993 1111 1013 1076 993 1073 993 1070 993 1066 993 969 1007 747 979 744 979 623 996 419 965 415 965 412 965 315 993 315 1055"/></Shape>
	    <String CONTENT="est-il coupable d&#x27;avoir, le 20 Décembre 1914, aux environs de Maffrécourt, abandonné son"
                    HPOS="311.0"
                    VPOS="965.0"
                    WIDTH="3165.0"
                    HEIGHT="253.0"></String>
          </TextLine>

          
          
          <TextLine ID="cf6d9290-868d-4884-9318-dd624d3eb192"
                    TAGREFS="LT6926"
                    BASELINE="332 1176 2184 1233" 
                    HPOS="322"
                    VPOS="1069"
                    WIDTH="1859"
                    HEIGHT="202">
            <Shape><Polygon POINTS="2145 1136 2103 1131 2015 1147 1901 1126 1885 1126 1833 1121 1781 1121 1729 1116 1677 1116 1002 1116 327 1069 327 1173 322 1225 488 1204 685 1240 701 1240 706 1240 711 1240 716 1240 810 1214 867 1245 872 1245 877 1245 883 1245 888 1245 898 1245 981 1219 1324 1230 1360 1250 1381 1266 1386 1266 1392 1266 1397 1271 2176 1271 2181 1230 2176 1136 2145 1136"/></Shape>
	    <String CONTENT="poste étant en sur un territoire en état de guerre?"
                    HPOS="322"
                    VPOS="1069"
                    WIDTH="1859"
                    HEIGHT="202"></String>
          </TextLine>

          
          
          <TextLine ID="a9e8c80a-e80d-4606-9212-c8dfc69fe643"
                    TAGREFS="LT6926"
                    BASELINE="363 1380 1575 1411 2836 1463 3359 1467" 
                    HPOS="360.0"
                    VPOS="1304.0"
                    WIDTH="2999.0"
                    HEIGHT="187.0">
            <Shape><Polygon POINTS="363 1380 360 1408 3352 1491 3359 1467 3355 1404 2157 1380 1710 1342 1707 1342 1392 1353 1350 1332 1347 1332 1343 1332 931 1335 727 1311 723 1311 640 1328 363 1304 363 1380"/></Shape>
	    <String CONTENT="Les voix recueillies séparément, conformément à l&#x27;article 131 du Code de justice militaire, en commençant par le grade inférieur"
                    HPOS="360.0"
                    VPOS="1304.0"
                    WIDTH="2999.0"
                    HEIGHT="187.0"></String>
          </TextLine>

          
          
          <TextLine ID="4c906246-a59b-4a6d-b50b-129d7c94f463"
                    TAGREFS="LT6926"
                    BASELINE="301 1453 2313 1508" 
                    HPOS="297.0"
                    VPOS="1394.0"
                    WIDTH="2016.0"
                    HEIGHT="145.0">
            <Shape><Polygon POINTS="2275 1443 2243 1439 2181 1449 1693 1439 1662 1418 1658 1418 1655 1418 1651 1418 1554 1432 1485 1415 1482 1415 301 1394 301 1453 297 1477 1935 1539 1939 1539 2309 1529 2313 1508 2313 1453 2292 1443 2275 1443"/></Shape>
	    <String CONTENT="le Président ayant émis son opinion le dernier, le Conseil de guerre permanent déclare"
                    HPOS="297.0"
                    VPOS="1394.0"
                    WIDTH="2016.0"
                    HEIGHT="145.0"
                    WC="0.9817052344943202"></String>
          </TextLine>

          
          
          <TextLine ID="3a5b2384-0aee-4319-8575-e0afaecb92d2"
                    TAGREFS="LT6926"
                    BASELINE="450 1626 2340 1688 3244 1699" 
                    HPOS="450.0"
                    VPOS="1529.0"
                    WIDTH="2794.0"
                    HEIGHT="232.0">
            <Shape><Polygon POINTS="450 1626 450 1661 526 1661 612 1695 616 1695 997 1706 1000 1706 1194 1678 1371 1709 1374 1709 1378 1709 1437 1688 1679 1688 1887 1699 1932 1730 1935 1730 1939 1730 1942 1730 1946 1730 2018 1706 2233 1706 2347 1733 2351 1733 2521 1716 2718 1747 2721 1747 2725 1747 2794 1726 2881 1761 2884 1761 2888 1761 3036 1744 3237 1757 3244 1699 3237 1605 3092 1636 2978 1626 2946 1598 2943 1598 2940 1598 2936 1598 2933 1598 2856 1629 2707 1629 2642 1588 2638 1588 2635 1588 2576 1588 2572 1588 2569 1588 2566 1588 2517 1623 2410 1623 2327 1616 2292 1584 2288 1584 2285 1584 2282 1584 2278 1584 2275 1584 2226 1612 2015 1605 1963 1571 1960 1571 1956 1571 1953 1571 1949 1571 1876 1602 1714 1602 1665 1560 1662 1560 1658 1560 1572 1557 1568 1557 1565 1557 1450 1591 1305 1588 1212 1546 1208 1546 1205 1546 1201 1546 1108 1581 990 1581 941 1539 938 1539 934 1539 931 1539 813 1567 737 1533 734 1533 529 1529 526 1529 522 1529 450 1550 450 1626"/></Shape>
	    <String CONTENT="Sur la question subsidiaire, à l&#x27;unanimité, oui, l&#x27;accusé Carrère, est coupable;"
                    HPOS="450.0"
                    VPOS="1529.0"
                    WIDTH="2794.0"
                    HEIGHT="232.0"></String>
          </TextLine>

          
          
          <TextLine ID="a42bcfdb-f7c9-4b06-ad48-fe46d2ffa74b"
                    TAGREFS="LT6926"
                    BASELINE="325 2650 3359 2719" 
                    HPOS="322.0"
                    VPOS="2564.0"
                    WIDTH="3037.0"
                    HEIGHT="176.0">
            <Shape><Polygon POINTS="325 2650 322 2668 3352 2740 3359 2719 3359 2657 2617 2643 2496 2616 2493 2616 2313 2633 2098 2609 2095 2609 2008 2626 1890 2602 1887 2602 1714 2619 1551 2591 1547 2591 1402 2612 1326 2588 1322 2588 1000 2581 997 2581 993 2581 945 2602 325 2564 325 2650"/></Shape>
	    <String CONTENT="Sur quoi, et attendu les conclusions prises par le Commissaire du Gouvernement dans ses réquisitions, le président a lu le texte"
                    HPOS="322.0"
                    VPOS="2564.0"
                    WIDTH="3037.0"
                    HEIGHT="176.0"
                    WC="0.9747189935296774"></String>
          </TextLine>

          
          
          <TextLine ID="f3689091-9ecd-4ab4-aa25-ca628905c009"
                    TAGREFS="LT6926"
                    BASELINE="277 2723 1935 2775 3348 2796" 
                    HPOS="273.0"
                    VPOS="2664.0"
                    WIDTH="3075.0"
                    HEIGHT="170.0">
            <Shape><Polygon POINTS="277 2723 273 2744 3341 2834 3348 2796 3345 2747 277 2664 277 2723"/></Shape>
	    <String CONTENT="de la loi, recueilli de nouveau les voix dans la forme prescrite par les articles 131 et 134 du Code de justice militaire pour l&#x27;appli-"
                    HPOS="273.0"
                    VPOS="2664.0"
                    WIDTH="3075.0"
                    HEIGHT="170.0"
                    WC="0.986141296227773"></String>
          </TextLine>

          
          
          <TextLine ID="201b397d-3b5b-407c-ad4a-e96b01580d22"
                    TAGREFS="LT6926"
                    BASELINE="273 2796 717 2802" 
                    HPOS="264"
                    VPOS="2725"
                    WIDTH="452"
                    HEIGHT="104">
            <Shape><Polygon POINTS="685 2735 633 2735 581 2730 529 2730 477 2730 425 2725 373 2725 322 2725 270 2725 270 2792 264 2823 706 2829 716 2797 711 2735 685 2735"/></Shape>
	    <String CONTENT="cation de la peine."
                    HPOS="264"
                    VPOS="2725"
                    WIDTH="452"
                    HEIGHT="104"
                    WC="0.9510422066638344"></String>
          </TextLine>

          
          
          <TextLine ID="0d1e148c-54d6-49ee-bbaa-6b81dbdf81dd"
                    TAGREFS="LT6926"
                    BASELINE="325 2882 2866 2924" 
                    HPOS="316"
                    VPOS="2808"
                    WIDTH="2546"
                    HEIGHT="150">
            <Shape><Polygon POINTS="322 2880 316 2906 2851 2958 2862 2922 2856 2844 322 2808 322 2880"/></Shape>
	    <String CONTENT="Le Conseil est rentré en séance publique, le Président a lu les motifs qui précèdent et le dispositif ci-dessous."
                    HPOS="316"
                    VPOS="2808"
                    WIDTH="2546"
                    HEIGHT="150"></String>
          </TextLine>

          
          
          <TextLine ID="0ea59265-369b-4ddf-ab1d-27ddc0cd5f4a"
                    TAGREFS="LT6926"
                    BASELINE="325 2955 2088 3000 3317 3018" 
                    HPOS="316"
                    VPOS="2886"
                    WIDTH="2998"
                    HEIGHT="166">
            <Shape><Polygon POINTS="2036 2912 1984 2912 1932 2912 1880 2906 1859 2906 1625 2922 753 2891 737 2891 685 2891 644 2886 607 2886 581 2886 529 2886 477 2886 425 2886 373 2886 322 2886 322 2953 316 2984 3303 3052 3314 3015 3314 2922 2924 2896 2919 2896 2914 2896 2908 2896 2888 2912 2851 2943 2347 2943 2041 2912 2036 2912"/></Shape>
	    <String CONTENT="En conséquence, le Conseil (1) condamne, a l&#x27;unanimité, le soldat de 1^ere classe Carrère"
                    HPOS="316"
                    VPOS="2886"
                    WIDTH="2998"
                    HEIGHT="166"></String>
          </TextLine>

          
          
          <TextLine ID="7ba073c9-096f-430a-8ea1-deb1ac6b8924"
                    TAGREFS="LT6926"
                    BASELINE="273 3066 3473 3135" 
                    HPOS="270.0"
                    VPOS="2976.0"
                    WIDTH="3203.0"
                    HEIGHT="211.0">
            <Shape><Polygon POINTS="273 3066 270 3107 377 3135 380 3135 474 3117 505 3138 509 3138 512 3138 515 3138 747 3121 844 3145 848 3145 851 3145 1070 3128 1229 3128 1281 3156 1284 3156 1288 3156 1551 3138 1724 3166 1727 3166 1824 3145 2032 3173 2036 3173 2185 3156 2216 3176 2219 3176 2223 3176 2226 3176 2230 3176 2275 3156 2510 3183 3466 3187 3473 3135 3469 3069 3372 3069 3317 3038 3314 3038 3310 3038 3175 3062 3036 3062 2995 3034 2991 3034 2988 3034 2985 3034 2770 3052 2732 3027 2728 3027 2725 3027 2534 3021 2531 3021 2379 3045 2219 3045 2164 3021 2160 3021 2157 3021 1904 3034 1859 3007 1856 3007 1852 3007 1527 3003 1523 3003 1520 3003 1437 3024 1257 2993 1253 2993 1101 3010 938 2986 934 2986 813 3007 585 2979 581 2979 460 3003 373 2976 370 2976 367 2976 273 2996 273 3066"/></Shape>
	    <String CONTENT="sus qualifié, à la peine de cinq ans de prison, pour compter du 6 Janvier 1915, aux"
                    HPOS="270.0"
                    VPOS="2976.0"
                    WIDTH="3203.0"
                    HEIGHT="211.0"></String>
          </TextLine>

          
          
          <TextLine ID="44294e77-6569-4ab5-859a-bf1a6f1d0056"
                    TAGREFS="LT6926"
                    BASELINE="277 3201 990 3201 3431 3252" 
                    HPOS="273.0"
                    VPOS="3121.0"
                    WIDTH="3158.0"
                    HEIGHT="166.0">
            <Shape><Polygon POINTS="277 3201 273 3232 408 3214 1343 3232 1489 3259 1492 3259 1824 3242 2018 3270 2022 3270 2292 3256 2552 3280 2555 3280 2694 3266 2770 3284 2773 3284 2777 3287 3428 3287 3431 3252 3428 3183 277 3121 277 3201"/></Shape>
	    <String CONTENT="frais envers l&#x27;Eta et à l&#x27;unanimité pour au minimum la durée de la contrainte par corps"
                    HPOS="273.0"
                    VPOS="3121.0"
                    WIDTH="3158.0"
                    HEIGHT="166.0"></String>
          </TextLine>

          
          
          <TextLine ID="30c6d878-74a3-4191-8bfd-38f4790f93dd"
                    TAGREFS="LT6926"
                    BASELINE="283 3315 3480 3370" 
                    HPOS="283.0"
                    VPOS="3228.0"
                    WIDTH="3197.0"
                    HEIGHT="191.0">
            <Shape><Polygon POINTS="283 3315 287 3363 342 3349 519 3374 522 3374 526 3374 529 3374 574 3342 682 3342 1347 3353 1482 3391 1485 3391 1489 3391 1492 3391 1582 3360 1679 3394 1682 3394 1686 3394 1689 3394 1793 3363 1880 3398 1883 3398 1887 3398 2240 3370 2292 3405 2295 3405 2299 3405 2302 3405 2652 3384 2728 3412 2732 3412 2735 3412 2739 3412 2791 3387 3026 3391 3075 3419 3078 3419 3081 3419 3476 3408 3480 3370 3473 3284 3109 3297 2898 3266 2894 3266 2704 3290 2659 3273 2656 3273 2652 3273 2521 3287 2479 3259 2475 3259 2472 3259 2469 3259 2354 3277 2226 3256 2223 3256 2219 3256 2167 3280 2046 3252 1842 3249 1838 3249 1835 3249 1773 3273 1703 3246 1700 3246 1696 3246 1568 3270 1291 3239 1288 3239 1011 3259 966 3239 962 3239 959 3239 955 3239 903 3259 820 3232 817 3232 633 3228 630 3228 512 3252 283 3239 283 3315"/></Shape>
	    <String CONTENT="par application des articles 213, 139 du 9  et code de Justice Militaire et 9 de la loi du 22 Juillet"
                    HPOS="283.0"
                    VPOS="3228.0"
                    WIDTH="3197.0"
                    HEIGHT="191.0"></String>
          </TextLine>

          
          
          <TextLine ID="efe2bb25-fe25-4957-8b9f-7a26b13bfb00"
                    TAGREFS="LT6926"
                    BASELINE="280 3425 467 3432" 
                    HPOS="277.0"
                    VPOS="3356.0"
                    WIDTH="190.0"
                    HEIGHT="132.0">
            <Shape><Polygon POINTS="280 3425 277 3457 370 3488 373 3488 377 3488 464 3467 467 3432 467 3363 280 3356 280 3425"/></Shape>
	    <String CONTENT="1867."
                    HPOS="277.0"
                    VPOS="3356.0"
                    WIDTH="190.0"
                    HEIGHT="132.0"></String>
          </TextLine>

          
          
          <TextLine ID="35a55081-4ab0-4130-b5ac-fc76506b8673"
                    TAGREFS="LT6926"
                    BASELINE="394 3557 3359 3616" 
                    HPOS="391.0"
                    VPOS="3450.0"
                    WIDTH="2968.0"
                    HEIGHT="207.0">
            <Shape><Polygon POINTS="394 3557 391 3581 3352 3657 3359 3616 3355 3547 3043 3533 2964 3498 2960 3498 2957 3498 2798 3512 2600 3491 2597 3491 2593 3491 2486 3529 2285 3526 2233 3498 2230 3498 2226 3498 2223 3498 2219 3498 2185 3522 2119 3505 2115 3505 2112 3505 1966 3519 1921 3495 1918 3495 1631 3495 1603 3470 1599 3470 1596 3470 1592 3470 973 3491 824 3457 820 3457 817 3457 768 3474 567 3450 564 3450 394 3457 394 3557"/></Shape>
	    <String CONTENT="Les Articles sus-visés dont le Président a donné publiquement lecture sont ainsi conçus."
                    HPOS="391.0"
                    VPOS="3450.0"
                    WIDTH="2968.0"
                    HEIGHT="207.0"></String>
          </TextLine>

          
          
          <TextLine ID="72cd0126-b620-456b-b732-90b012c8d105"
                    TAGREFS="LT6926"
                    BASELINE="450 3675 3452 3744" 
                    HPOS="446.0"
                    VPOS="3578.0"
                    WIDTH="3006.0"
                    HEIGHT="211.0">
            <Shape><Polygon POINTS="450 3675 446 3699 1052 3740 1056 3740 1412 3727 1953 3761 1956 3761 2091 3740 2292 3768 2295 3768 2503 3751 2998 3785 3002 3785 3005 3785 3009 3785 3040 3765 3196 3789 3199 3789 3449 3775 3452 3744 3449 3675 3310 3678 3244 3650 3241 3650 3237 3650 3116 3671 2759 3650 2756 3650 2753 3650 2707 3664 2642 3630 2638 3630 2635 3630 2631 3630 2569 3661 2417 3661 2330 3619 2327 3619 2323 3619 2136 3650 2081 3612 2077 3612 2074 3612 1953 3609 1949 3609 1946 3609 1873 3647 1807 3647 1620 3640 1506 3598 1502 3598 1499 3598 1208 3612 1056 3588 869 3585 865 3585 862 3585 858 3585 827 3605 602 3578 599 3578 450 3588 450 3675"/></Shape>
	    <String CONTENT="Article 213 du Code de Justice militaire.-. « Tout militaire qui abandonne son poste est puni:"
                    HPOS="446.0"
                    VPOS="3578.0"
                    WIDTH="3006.0"
                    HEIGHT="211.0"></String>
          </TextLine>

          
          
          <TextLine ID="a1d8c635-3a24-46c8-b638-f348fb08fa52"
                    TAGREFS="LT6926"
                    BASELINE="342 3806 734 3803 3384 3868" 
                    HPOS="332"
                    VPOS="3711"
                    WIDTH="3049"
                    HEIGHT="208">
            <Shape><Polygon POINTS="337 3804 332 3846 3371 3919 3381 3867 3381 3789 3324 3758 3319 3758 3314 3758 2758 3768 2534 3737 2529 3737 2394 3758 2254 3732 2249 3732 1740 3742 1693 3716 1688 3716 1682 3716 337 3711 337 3804"/></Shape>
	    <String CONTENT="« 1^o De la peine de mort, si l&#x27;abandon a eu lieu en présence de l&#x27;ennemi ou de rebelles armés;"
                    HPOS="332"
                    VPOS="3711"
                    WIDTH="3049"
                    HEIGHT="208"></String>
          </TextLine>

          
          
          <TextLine ID="fa89f5f8-603f-4e5d-8e0d-55bb6acf21be"
                    TAGREFS="LT6926"
                    BASELINE="332 3917 3487 3986" 
                    HPOS="328.0"
                    VPOS="3827.0"
                    WIDTH="3159.0"
                    HEIGHT="201.0">
            <Shape><Polygon POINTS="332 3917 328 3945 793 3955 1011 3996 1014 3996 1274 3969 1340 4003 1343 4003 1347 4003 1592 3976 1693 4007 1696 4007 1700 4007 1842 3983 2101 4010 2105 4010 2195 3993 2237 4024 2240 4024 2243 4024 2247 4028 3483 4028 3487 3986 3483 3906 3345 3913 3137 3886 3133 3886 3130 3886 3078 3910 2894 3910 2766 3879 2763 3879 2649 3900 2521 3872 2261 3865 2257 3865 2147 3886 2095 3861 2091 3861 2088 3861 1980 3886 1911 3858 1908 3858 1904 3858 1800 3875 1721 3855 1717 3855 1714 3855 1710 3855 1634 3875 1343 3851 1340 3851 1336 3851 1281 3868 1083 3848 1080 3848 841 3861 526 3827 522 3827 408 3851 332 3844 332 3917"/></Shape>
	    <String CONTENT="« 2^o De deux ans à cinq ans d&#x27;emprisonnement, si hors le cas prévu par le paragraphe précedent"
                    HPOS="328.0"
                    VPOS="3827.0"
                    WIDTH="3159.0"
                    HEIGHT="201.0"></String>
          </TextLine>

          
          
          <TextLine ID="c52d9bb0-29ef-44a1-81e9-36d39492d0dc"
                    TAGREFS="LT6926"
                    BASELINE="332 4035 2482 4083" 
                    HPOS="328.0"
                    VPOS="3955.0"
                    WIDTH="2154.0"
                    HEIGHT="173.0">
            <Shape><Polygon POINTS="332 4035 328 4055 380 4076 384 4076 387 4076 391 4076 467 4055 668 4076 671 4076 1215 4076 1239 4093 1243 4093 1246 4093 1250 4093 1399 4079 1437 4107 1440 4107 1444 4107 1558 4111 1561 4111 1565 4111 1665 4086 1779 4107 1783 4107 1953 4093 2025 4114 2029 4114 2032 4114 2136 4100 2181 4124 2185 4124 2475 4128 2482 4083 2482 4024 1831 3983 1828 3983 1824 3983 1752 4007 1603 4007 1561 3976 1558 3976 1554 3976 1551 3976 1329 3996 1184 3996 1146 3969 1142 3969 1139 3969 1135 3969 1132 3969 1059 3990 1011 3965 1007 3965 1004 3965 907 3986 692 3986 644 3955 640 3955 637 3955 633 3955 630 3955 564 3979 332 3976 332 4035"/></Shape>
	    <String CONTENT="« a eu lieu sur un territoire en etat de guerre on en état de siège. »"
                    HPOS="328.0"
                    VPOS="3955.0"
                    WIDTH="2154.0"
                    HEIGHT="173.0"></String>
          </TextLine>

          
          
          <TextLine ID="8b6da786-67d2-46de-9571-a4153579c7f1"
                    TAGREFS="LT6926"
                    BASELINE="436 4159 3435 4221" 
                    HPOS="436.0"
                    VPOS="4073.0"
                    WIDTH="2999.0"
                    HEIGHT="204.0">
            <Shape><Polygon POINTS="436 4159 436 4187 578 4187 678 4228 682 4228 793 4232 796 4232 799 4232 803 4232 858 4194 928 4194 1097 4239 1101 4239 1104 4239 1437 4204 1849 4232 1852 4232 1932 4214 2018 4256 2022 4256 2101 4259 2105 4259 2299 4228 2365 4263 2368 4263 2451 4266 2617 4270 2621 4270 2624 4270 2721 4246 2815 4270 2818 4270 2822 4270 2825 4270 2894 4253 2926 4277 2929 4277 2933 4277 2936 4277 3061 4273 3064 4273 3116 4246 3428 4253 3435 4221 3431 4145 3109 4156 3085 4135 3081 4135 3078 4135 3075 4135 2964 4152 2843 4128 2839 4128 2836 4128 2780 4149 2652 4149 2621 4124 2617 4124 2614 4124 2462 4114 2458 4114 2271 4138 2101 4104 2098 4104 1939 4131 1586 4093 1582 4093 1447 4121 1357 4090 1353 4090 1350 4090 1142 4104 1007 4083 1004 4083 872 4104 602 4073 599 4073 436 4093 436 4159"/></Shape>
	    <String CONTENT="Article 139 du Code de Justice militaire.-. « Le jugement qui prononce une peine contre"
                    HPOS="436.0"
                    VPOS="4073.0"
                    WIDTH="2999.0"
                    HEIGHT="204.0"></String>
          </TextLine>

          
          
          <TextLine ID="ee873f0d-b1ec-400b-bfd2-88c3317de4a0"
                    TAGREFS="LT6926"
                    BASELINE="328 4284 2070 4304" 
                    HPOS="325.0"
                    VPOS="4204.0"
                    WIDTH="1745.0"
                    HEIGHT="128.0">
            <Shape><Polygon POINTS="328 4284 325 4304 2063 4332 2070 4304 2070 4246 1984 4225 1980 4225 1977 4225 1973 4225 1935 4242 1901 4221 1897 4221 1894 4221 1890 4221 1547 4242 1520 4221 1520 4218 1516 4218 1513 4218 1509 4218 1506 4218 1461 4235 1444 4218 1444 4214 1440 4214 1437 4214 1433 4214 1430 4214 1333 4239 1305 4218 1302 4218 1298 4218 1295 4218 1291 4218 1246 4239 1035 4239 997 4211 993 4211 990 4211 986 4211 983 4211 910 4235 806 4208 803 4208 799 4208 796 4208 723 4225 651 4208 647 4208 644 4208 640 4208 637 4208 637 4211 616 4228 515 4204 453 4204 450 4204 446 4204 443 4204 443 4208 419 4228 328 4221 328 4284"/></Shape>
	    <String CONTENT="« l&#x27;accusé, le condamne aux frais envers l&#x27;Etat. »"
                    HPOS="325.0"
                    VPOS="4204.0"
                    WIDTH="1745.0"
                    HEIGHT="128.0"></String>
          </TextLine>

          
          
          <TextLine ID="a4021c0c-c2a9-4c5b-b01b-34714b00e7b9"
                    TAGREFS="LT6926"
                    BASELINE="429 4408 3404 4467" 
                    HPOS="425.0"
                    VPOS="4308.0"
                    WIDTH="2979.0"
                    HEIGHT="204.0">
            <Shape><Polygon POINTS="429 4408 425 4429 470 4450 474 4450 477 4450 588 4429 664 4467 668 4467 671 4467 675 4467 775 4432 990 4453 993 4453 1070 4439 1132 4481 1135 4481 1139 4481 1142 4481 1405 4446 1869 4481 1873 4481 1876 4481 1942 4457 2500 4467 2701 4512 2704 4512 3400 4505 3404 4467 3400 4381 2915 4387 2860 4360 2856 4360 2853 4360 2707 4384 2593 4353 2590 4353 2586 4353 2583 4353 2531 4381 2420 4381 2358 4349 2354 4349 2351 4349 2185 4374 2050 4339 2046 4339 2043 4339 1703 4363 1658 4346 1655 4346 1651 4346 1544 4353 1485 4325 1482 4325 1478 4325 1253 4353 1167 4322 1163 4322 955 4315 952 4315 948 4315 851 4346 737 4311 734 4311 602 4308 599 4308 429 4332 429 4408"/></Shape>
	    <String CONTENT="Article 9 de la loi du 22 juillet 1887.- . « La durée de la contrainte par corps est réglée"
                    HPOS="425.0"
                    VPOS="4308.0"
                    WIDTH="2979.0"
                    HEIGHT="204.0"></String>
          </TextLine>

          
          
          <TextLine ID="667d4af1-1ef3-4542-b9b5-89b8c5f50241"
                    TAGREFS="LT6926"
                    BASELINE="315 4536 1208 4543 3379 4592" 
                    HPOS="311.0"
                    VPOS="4453.0"
                    WIDTH="3068.0"
                    HEIGHT="215.0">
            <Shape><Polygon POINTS="315 4536 311 4561 498 4567 574 4616 578 4616 581 4616 585 4616 588 4616 678 4571 1444 4581 1530 4630 1534 4630 1669 4644 1672 4644 2133 4637 2354 4657 2358 4657 2479 4640 2946 4668 2950 4668 3192 4623 3372 4626 3379 4592 3379 4529 3327 4505 3324 4505 3320 4505 3317 4505 3262 4526 2870 4522 2839 4495 2836 4495 2832 4495 2829 4495 2704 4516 2621 4491 2617 4491 2614 4491 2538 4505 2285 4477 2282 4477 2025 4498 1973 4471 1970 4471 1966 4471 1516 4491 1374 4491 1340 4467 1336 4467 1333 4467 1329 4467 1191 4484 1146 4453 1142 4453 1139 4453 1135 4453 315 4457 315 4536"/></Shape>
	    <String CONTENT="« ainsi qu&#x27;il suit: de deux jours à vingt jours, lorsque l&#x27;amende et les autres condamnations"
                    HPOS="311.0"
                    VPOS="4453.0"
                    WIDTH="3068.0"
                    HEIGHT="215.0"></String>
          </TextLine>

          
          
          <TextLine ID="7c577078-af21-42a1-b2da-43c35eb3fca5"
                    TAGREFS="LT6926"
                    BASELINE="322 4650 1534 4671" 
                    HPOS="318.0"
                    VPOS="4571.0"
                    WIDTH="1216.0"
                    HEIGHT="197.0">
            <Shape><Polygon POINTS="322 4650 318 4706 588 4706 720 4761 723 4761 727 4761 730 4761 761 4747 1128 4768 1132 4768 1291 4761 1295 4761 1298 4761 1357 4720 1527 4727 1534 4671 1527 4612 1378 4616 1336 4581 1333 4581 1329 4581 1243 4581 1239 4581 1236 4581 1167 4612 872 4609 723 4571 616 4571 612 4571 609 4571 606 4571 560 4602 464 4581 460 4581 322 4592 322 4650"/></Shape>
	    <String CONTENT="« n&#x27;excédent pas cinquante francs. »"
                    HPOS="318.0"
                    VPOS="4571.0"
                    WIDTH="1216.0"
                    HEIGHT="197.0"></String>
          </TextLine>

          
        </TextBlock>
        
        <TextBlock HPOS="172.0"
                   VPOS="5643.0"
                   WIDTH="3147.0"
                   HEIGHT="160.0"
                   ID="5e84bf1e-4895-485a-87bf-e98949845edf"
                   TAGREFS="BT21627">
          <Shape><Polygon POINTS="172 5643 3319 5643 3319 5803 172 5803 172 5643"/></Shape>
          
          
          <TextLine ID="9df5317e-4fae-4791-9321-be41883b87ad"
                    TAGREFS="LT6926"
                    BASELINE="270 5685 3282 5713" 
                    HPOS="270.0"
                    VPOS="5644.0"
                    WIDTH="3012.0"
                    HEIGHT="117.0">
            <Shape><Polygon POINTS="1586 5644 1551 5644 1516 5644 1482 5644 1447 5644 1412 5644 1378 5644 1343 5644 1308 5644 1274 5644 1239 5644 1205 5644 1170 5644 1135 5644 1101 5644 1066 5644 1031 5644 997 5644 962 5644 928 5644 893 5644 858 5644 824 5644 789 5644 754 5644 720 5644 685 5644 651 5644 616 5644 581 5644 547 5644 512 5644 477 5644 443 5644 408 5644 373 5644 339 5644 304 5644 270 5644 270 5685 270 5716 609 5716 654 5737 657 5737 661 5737 848 5720 1561 5741 1565 5741 1727 5727 1755 5744 1759 5744 1762 5744 1766 5744 2005 5730 2056 5751 2060 5751 2063 5751 2067 5751 2129 5730 2223 5754 2226 5754 2230 5754 2233 5754 2285 5737 2392 5754 3275 5761 3282 5713 3279 5661 1606 5644 1586 5644"/></Shape>
	    <String CONTENT="(1) Avoir soin de spécifier, s&#x27;il y a lieu, après l&#x27;indication de la peine infligée, la décision motivée du Conseil relatire à la non-immputation pour tout ou"
                    HPOS="270.0"
                    VPOS="5644.0"
                    WIDTH="3012.0"
                    HEIGHT="117.0"
                    WC="0.9563330438318132"></String>
          </TextLine>

          
          
          <TextLine ID="f093d2bd-babe-4294-9abe-504ff62c749f"
                    TAGREFS="LT6926"
                    BASELINE="218 5747 1582 5761" 
                    HPOS="214.0"
                    VPOS="5696.0"
                    WIDTH="1368.0"
                    HEIGHT="96.0">
            <Shape><Polygon POINTS="218 5747 214 5792 1579 5792 1582 5761 1579 5713 218 5696 218 5747"/></Shape>
	    <String CONTENT="pertie de la détention préventive sur la durée de la peine prononcée."
                    HPOS="214.0"
                    VPOS="5696.0"
                    WIDTH="1368.0"
                    HEIGHT="96.0"
                    WC="0.9679331926332004"></String>
          </TextLine>

          
        </TextBlock>
        

        
      </PrintSpace>
    </Page>
  </Layout>
</alto>
