3990 6191
698.0 165.0 3058.0 144.0 La séance ayant été ouverte, le Président a fait apporter et déposer devant lui, sur le bureau, un exemplaire du Code de justice

632.0 247.0 3017.0 145.0 militaire, du Code d'instruction criminelle et du Code pénal ordinaire, et ordonné à la garde d'amener l'accusé, qui a

632.0 323.0 3007.0 155.0 été introduit, libre et sans fers, devant le Conseil, accompagné de son défenseur Monsieur Olivier, Officier

632.0 443.0 1132.0 165.0 d'Administration, désigné d'office.

687.0 801.0 2979.0 158.0 Interrogé de ses nom, prénoms, âge, lieu de naissance, état profession et domicile l'accusé

729.0 901.0 3137.0 130.0 a répondu se nommer Carrère, Edouard, Louis, âgé de 22 ans, né à Arrens, arrondis.

670.0 987.0 3158.0 158.0 sement d'Argelès, département des Hautes-Pyrénées, célibataire, profession de charpentier,

674.0 1107.0 3195.0 172.0 domicilié à Arrens; arrondissement d'Argelès, département des Hautes-Pyrénées actuelle-

663.0 1234.0 2205.0 172.0 ment, soldat de 1^ère classe du 7^e Régiment d'Infanterie coloniale.

684.0 1805.0 3089.0 124.0 Le Président, après avoir fait lire par le greffier l'ordre de convocation, le rapport prescrit par l'article 108 du Code de justice

626.0 1871.0 2934.0 127.0 militaire, et les pièces dont la lecture lui a paru nécessaire, a fait connaître a l'accusé les faits a raison desquels il est

632.0 1967.0 2659.0 120.0 poursuivi, et lui a donné, ainsi qu'au défenseur, l'avertissement indiqué en l'article 121 dudit Code;

687.0 2032.0 3082.0 127.0 Après quoi, il a procédé à l'interrogatoire de l'accusé et a fait entendre publiquement et séparément les témoins a charge (1)

1200.0 2104.0 2569.0 145.0 ; lesdits témoins ayant au préalable prêté serment de parler sans haine et sans crainte, juré de dire toute la

632.0 2225.0 657.0 96.0 vérité et rien que la vérité;

687.0 2424.0 3086.0 165.0 Et le Président ayant, en outre, rempli à leur égard les formalités prescrites par les articles 317 et 319 du Code d'instruction

636.0 2552.0 272.0 103.0 criminelle;

696 2620 78 119 (2)

691.0 3126.0 3171.0 172.0 Ouï M. le Commissaire du Gouvernement en ses réquisitions tendant à ce que (3) le sus nomme soit déclaré coupable

646.0 3284.0 3147.0 172.0 d'abandon de poste en présence de l'ennemi et qu'il lui soit fait application de l'article 213

653.0 3446.0 915.0 124.0 du Code de Justice militaire

636.0 3714.0 3154.0 134.0 et l'accusé dans ses- moyens de défense, tant par lui que par son défenseur, lesquels ont

639.0 3807.0 3151.0 134.0 déclaré n'avoir rien à ajouter à leurs moyens de défense, et ont en la parole les derniers, le Président a déclaré les débats terminés,

643.0 3893.0 1561.0 120.0 et il a ordonné au défenseur et a l'accusé de se retirer.

696 4065 1502 196 L'accusé a été reconduit par l'escorte à la prison; le Co

2214 4091 1559 170 le Commissaire du Gouvernement, le Greffier et les assistants dans

660 4230 1342 124 l'auditoire se sont retirés sur l'invitation du Président (4);

2033 4227 1781 117 le Conseil s'est retiré dans la chambre des délibérations.

708.0 4288.0 3092.0 142.0 Le Conseil délibérant à huis clos, le Président a posé la question, conformément à l'article 132 du Code de justice

650.0 4402.0 646.0 93.0 militaire, ainsi qu'il suit:

808.0 4481.0 3051.0 165.0 Le soldat de 1^ere classe Carrère Edouard, Louis, du 7^e Régiment d'Infanterie, est-il

670.0 4626.0 3196.0 182.0 coupable, d'avoir le 20 Décembre 1914, aux environs de Maffrécourt, abandonné son poste

674.0 4780.0 1149.0 145.0 étant en présence de l'ennemi?

712 5169 635 77 (1) Et à décharge (s'il y en a).

727 5169 3066 134 (2) Indiquer si des témoins ont été entendus sans prestation de serment, et pour quel motif ; dire que les pièces de conviction, s'il y en a, ont été représentées.

671 5262 3117 103 Indiquer, en outre, ses incidents qui ont pu ce produire, en ayant soin de préciser à quel moment du débat ils ont en lieu, ses conclusions des parties, les

671 5324 3112 98 réquisitions du ministère public, les moyens de défense présentés par l'accusé, et enfin le jugement motivé du Conseil. Dans le cas où le blanc laisse ici ne suf-

671 5381 3122 113 firait pas pour insérer toutes ces mentions, on devra indiquer l'incident et le moment du débat il s'est produit, en ajoutant qu'il y a été statué par jugement

681 5448 3112 113 séparé, lequel est joint et annexé au présent, et alors le jugement séparé doit indiquer la publicité de l'audience, se terminer par la même formule et être signé

671 5509 3122 114 de la même manière que le jugement principal, en mentionnant qu'il y sera annexé comme en taisant partie. En cas de suspension d'audience et de remise au

681.0 5592.0 1967.0 86.0 lendemain, la mention qui constate cette remise est signée par le Président et le Greffier seulement.

725.0 5654.0 2697.0 93.0 (3) Indiquer si les réquisitions tendent à la déclaration de culpabilité et, dans ce cas, les articles de loi dont l'application est demandée.

729.0 5723.0 2301.0 93.0 (4) S'il y a une chambre des délibérations, on mettra que le Tribunal s'est retiré dans la chambre des délibérations.

925.0 5812.0 1541.0 96.0 Conseil de guerre. - N^o 967 de la Nomenclature générale. - Formule n^o 16.
