3875 6229
446.0 238.0 2996.0 260.0 Les voix recueillies séparement, en commençant par le grade inférieur, le Président

332.0 387.0 1880.0 190.0 ayant ainsi son opinion le dernier, le Conseil déclare

425.0 532.0 3065.0 225.0 A la majorité de quatre voix contre une non, l'accusé Bousquet, n'est pas coupable

443.0 681.0 3040.0 229.0 Le Président a alors posé au Conseil la question subsidiaire suivante comme résultant

315.0 809.0 374.0 135.0 des débats.

509.0 955.0 2919.0 235.0 Le soldat réserviste Bousquet, Henri, Charles du 8^e Régiment d'Infanterie Coloniale

318.0 1083.0 3092.0 207.0 est-il coupable d'avoir, le 10 Decembre 1914, aux environs de Courtemont abandonné

315.0 1193.0 1648.0 177.0 son poste sur un territoire en état de guerre?

384 1323 3007 229 Les voix recueillies séparément, conformément à l'article 131 du Code de justice militaire, en commençant par le grade inférieur

322 1417 2010 186 le Président ayant émis son opinion le dernier, le Conseil de guerre permanent déclare

398.0 1560.0 3040.0 256.0 A la majorité de trois voix contre deux, oui, l'accusé Bousquet est coupable

353 2590 3028 213 Sur quoi, et attendu les conclusions prises par le Commissaire du Gouvernement dans ses réquisitions, le Président a lu le texte

301 2694 3070 207 de la loi, recueilli de nouveau les voix dans la forme prescrite par les articles 131 et 134 du Code de justice militaire pour l'appli-

290 2766 452 114 cation de la peine.

349.0 2848.0 2532.0 159.0 Le Conseil est rentré en séance publique, le Président a lu les motifs qui précèdent et le dispositif ci-dessous

353 2922 2955 187 En conséquence, le Conseil (1) condamne à la majorité de trois voix contre deux, le soldat

275 3010 3111 213 réserviste Bousquet, susqualifé, à la peine de cinq ans de prison, pour compter

270.0 3159.0 3134.0 173.0 du 6 Janvier 1915, aux frais envers l'Etat et à l'unanimité fixé au minimum la durée

270.0 3270.0 3158.0 194.0 de la contrainte par corps, par application des articles 213, 139 du Code de Justice militaire

259.0 3401.0 1261.0 146.0 et 9 de la loi du 22 juillet 1867

339.0 3502.0 3068.0 197.0 Les articles sus-visés dont le Président a donné publiquement lecture sont ainsi conçus:

311.0 3623.0 3006.0 187.0 Article 213 du Code de Justice militaire._. « Tout militaire qui abandonne son poste est puni:

325.0 3758.0 3027.0 166.0 « 1^o de la peine de mort si l'abandon a en lieu en présence de l'ennemi ou de rebelles armés;

332.0 3889.0 2926.0 163.0 « 2^o De deux ans à cinq ans d'emprisonnement si, hors le cas prévu par le paragraphe

328.0 4003.0 2947.0 170.0 « précédent, l'abandon a eu lieu sur un territoire en état de guerre ou en état de siège. »

335.0 4118.0 2947.0 173.0 Article 139 du Code de Justice militaire.-. « Le jugement qui prononce une peine

287.0 4239.0 2043.0 138.0 « contre l'accusé le condamne aux fais envers l'Etat. »

356.0 4349.0 3013.0 177.0 Article 9 de la loi du 22 Juillet 1867.-. « La durée de la contrainte par corps est reglée

273.0 4488.0 3065.0 169.0 « ainsi qu'il suit: de deux jours à vingt jours, lorsque l'amende et les autres condamnations

339.0 4599.0 1264.0 155.0 « n'excédent par cinquante francs. »

301 5694 3023 98 (1) Avoir soin de spécifier, s'il y a lieu, après t'indication de la peine infligée, la décision motivée du Conseil relative à ma non-imputation pour tout ou

249 5720 1366 124 partie de la détention préventive sur la durée de la peine prononcée.
