3875 6229
373 254 587 140 N^o DU JUGEMENT:

446 327 255 140 136.

576 493 192 109 (Art. 140

384 498 582 171 du code de justice militaire.)

389 690 561 130 MINUTE DE JUGEMENT.

1257 394 1215 161 RÉPUBLIQUE FRANÇAISE.

1537.0 861.0 665.0 146.0 JUGEMENT

576 1001 2675 265 rendu par le CONSEIL DE GUERRE permanent du Quartier Général de la 4^e Armée

1433.0 1183.0 946.0 170.0 séant a Châlons sur Marne

2770.0 861.0 547.0 35.0 Date du crime ou délit.

2763 866 623 177 10 Decembre 1914

2960 337 187 93 N^o 967

2711 368 660 177 DE LE NOMENCLATURE GÉNÉRALE.

2808.0 522.0 485.0 111.0 [FORMULE N^o 16.]

2747 648 567 130 N^o 1 D'ORDRE

1423.0 1519.0 852.0 138.0 AU NOM DU PEUPLE FRANÇAIS,

367.0 1619.0 2306.0 190.0 Le Conseil de guerre permanent du Quartier Général de la 4^e Armée

290.0 1744.0 1147.0 138.0 a rendu le jugement dont la teneur suit:

353.0 1851.0 2372.0 214.0 CEJOURD'HUI six Janvier - de l'an mil neuf cent quatorze quinze

377.0 1982.0 138.0 87.0 Le

754.0 1989.0 1936.0 153.0 Conseil de guerre permanent du Quartier Général de la 4^o Armée

294.0 2055.0 1939.0 156.0 composé, Conformément aux, articles 35 et 10 du Code de justice militaire, de MM.

315.0 2135.0 1901.0 204.0 Pitollet, - Colonel de Gendarmerie, prévôt de l'Armée;

2860.0 2214.0 242.0 121.0 Président;

297.0 2290.0 2078.0 211.0 Hourblin _ Chef d'escadron au 25^e Régiment d'artillerie;

315.0 2470.0 1482.0 191.0 Dangé d'Orsay, Capitaine de Gendarmerie;

311 2605 2452 260 Clermenté, - Lieutenant d'artillerie de réserve à l'Etat Major de l'Armée;

311.0 2799.0 1631.0 215.0 Meynier, - Maréchal des logis de gendarmerie:

2846 2616 151 176 Juges.

266.0 2989.0 1513.0 139.0 tous nommés par le (1) Général commandant l'Armée

263.0 3090.0 1638.0 135.0 M. Abert, Chef de Bataillon Commissaire du Gouvernement;

266.0 3166.0 1503.0 124.0 M. Mathieu, officier d'Administration Greffier près ledit Conseil;

328.0 3242.0 2705.0 159.0 Lesquels ne se trouvent dans aucun des cas d'incompatibilité prévus par les articles 22, 23 et 24 du Code précité,

318.0 3322.0 3037.0 169.0 Le Conseil, convoqué par l'ordre du commandant, conformément à l'article 111 du Code de justice militaire, s'est réuni dans

270.0 3394.0 1284.0 132.0 le lieu ordinaire de ses séances, en audience publique

318.0 3460.0 2365.0 149.0 A l'effet de juger le soldat réserviste Bousquet, Henri, Charles

263.0 3540.0 1742.0 131.0 fils de Philippe, et de Philippine Cardonel, né le 19 novembre 1881

2238 3566 1133 155 , à Carmaux, Arrondissement d'Albi

256.0 3623.0 592.0 114.0 département du Tarn

1727.0 3654.0 1251.0 128.0 , profession de boulanger, marié, un enfant

266.0 3675.0 2594.0 169.0 résidant, avant son entrée au service, à Blaye, arrondissement d'Albi, Département du Tarn

273.0 3775.0 495.0 100.0 Taille d'un mètre

1308.0 3803.0 586.0 103.0 millimètres, cheveux

2649.0 3823.0 180.0 104.0 , front

263.0 3858.0 162.0 100.0 yeux

1315.0 3868.0 129.0 111.0 , nez

2347 3882 219 177 , visage

311.0 3934.0 1236.0 107.0 Renseignements physionomiques complémentaires:

318.0 4010.0 547.0 104.0 Marques particulières:

249 4048 88 161 (3)

346.0 4093.0 2372.0 229.0 Soldat réserviste au 8^e Régiment d'Infanterie Coloniale

1115.0 4277.0 2039.0 200.0 Inculpé d'abandon de poste en présence de l'ennemi

1568.0 4464.0 907.0 152.0 Condamnations antérieures

1831.0 4623.0 537.0 128.0 sans indication

294.0 5405.0 3006.0 93.0 (1) Le gouverneur civil ou militaire. - Le général commandant le corps d'armée (France). Le général commandant la division militaire, la division ou

218 5429 2472 125 la brigade d'occupation, etc... – ou le ministre de la guerre, selon les cas prévus par l'article 8 du Code de justice militaire.

290 5491 3013 161 (2) Si le huis clos a été ordonné, le dire en visant l'article 113 du Code de justice militaire; il ne peut être ordonné que pour les débats, et tous les jugements

225.0 5557.0 765.0 90.0 doivent être prononcés publiquement.

270.0 5613.0 2088.0 117.0 (3) Indiquer le crime ou le délit sur lequel l'accusé a été traduit devant de Conseil de guerre (art. 140).

287.0 5768.0 467.0 97.0 FORMULE N^o 16.

5 5164 119 322 521-463-1914
