3990 6191
687.0 209.0 2921.0 121.0 Enjoint au Commissaire du Gouvernement de faire donner immédiatement en sa présence lecture du présent jugement au

626.0 292.0 1585.0 93.0 condamné devant la garde rassemblée sous les armes.

629.0 350.0 3106.0 134.0 de avertir que la loi accorde un délai de trois jours francs pour se pourvoir en cassation (1), ou de vingt-quatre heures

629 433 759 134 pour se pourvoir en revision (2).

670.0 591.0 2645.0 117.0 FAIT, clos et jugé sans désemparer, en séance publique, a Châlons / marne, les jour, mois et an que dessus.

667.0 725.0 3085.0 138.0 En conséquence, LE PRÉSIDENT DE LA RÉPUBLIQUE MANDE et ORDONNE à tous huissiers sur ce requis de mettre ledit jugement à

619.0 818.0 3126.0 124.0 exécution; aux Procureurs généraux et aux Procureurs de la République près les tribunaux de première instance d'y tenir la

619.0 897.0 2800.0 107.0 main; a tous commandants et officiers de la force publique de prêter main-forte lorsqu'ils en seront légalement requis.

687.0 1028.0 2147.0 120.0 En foi de quoi le présent jugement a été signé par les Membres du Conseil et par le Greffier

2302 1217 562 248 +

2988 1145 439 294 +

247 1269 537 433 +

671 1408 660 217 +

1373 1398 640 340 +

2973 1449 526 330 +

650.0 1812.0 2982.0 100.0 L'an mil neuf cent quinze le six Janvier le présent jugement a été lu par nous, Greffier soussigné, au condamné

681.0 1874.0 908.0 107.0 Bousquet sus-qualifié

1712.0 1881.0 2023.0 96.0 averti par le Commissaire du Gouvernement que l'article 44 de la loi du 17 avril

626.0 1950.0 2830.0 113.0 1906 accorde trois jours pour se pourvoir en cassation (1), ou que les articles 141 et 143 du Code de justice militaire

614 2022 2994 155 accordent vingt-quatre heures pour se pourvoir en revision (2), lesquels commencent à courir de l'expiration du présent jour.

3628 1986 114 263 Cette

615.0 2111.0 1496.0 117.0 lecture faite en présence de la garde rassemblée sous les armes.

278 2208 1064 448 Exécutoire du jugement suspendu

258 2254 1022 514 par décision de M. le Général

289 2373 965 495 Commandant l'exercice en date

304 2595 661 412 du 7 Janvier 1915

1321 2208 784 149 Le Commissaire du Gouvernement,

1264 2306 759 304 +

2854 2208 279 144 Le Greffier,

2751 2316 506 351 +

593 2718 336 233 Le Greffier

645 2749 366 341 +

1847 2703 651 175 EXÉCUTOIRE.

667.0 2995.0 2638.0 193.0 Vu la procédure instruite contre le soldat réserviste Bousquet, Henri, Charles

615.0 3153.0 915.0 117.0 et les frais d'icelle dont le détail suit:

863.0 3260.0 2270.0 110.0 1^o Coût du transport des pièces et objets pouvant servie à conviction ou à décharge................. ......

859.0 3350.0 2277.0 103.0 2^o Honoraires des officiers de santé, médecins, chirurgiens civils, sages-femmes, experts, interprètes, traducteurs et

952.0 3415.0 2178.0 79.0 autres, appelés en justice.................................................................

863.0 3473.0 2263.0 93.0 3^o Indemnités accordées aux témoins civils et militaires..............................................

870.0 3539.0 2260.0 86.0 4^o Frais de garde de scellés et ceux de mise en fourrière.............................................

863.0 3604.0 2260.0 86.0 5^o Indemnités de route, de transport et de séjour, accordées aux membres des tribunaux militaires pour les dépla-

952.0 3673.0 2181.0 89.0 cements auxquels l'instruction des procédures peut donner lieu, ainsi que toutes autres dépenses nécessitées

939.0 3728.0 2194.0 86.0 de ce chef..............................................................................

870.0 3790.0 2266.0 93.0 6^o Port des lettres et paquets pour l'instruction, sauf le port des lettres résultant de l'application de la loi du

959.0 3862.0 2167.0 86.0 15 juin 1899............................................................................

870.0 3920.0 2256.0 90.0 7^o Frais l'impression des arrêts, jugements et ordonnances de justice, quand il y a lieu..................

863.0 3982.0 2260.0 97.0 8^o Prime de capture des contumax, des déserteurs et des insoumis......................................

863.0 4055.0 2263.0 82.0 9^o Frais résultant de l'obtention des extraits du casier judiciaire.........................................

849.0 4113.0 2274.0 83.0 10^o Prix du bulletin n^o 1 et du duplicata dudit (décret du 12 décembre 1899, art. 13).....................

846.0 4172.0 2284.0 89.0 11^o Coût des bulletins n^o 1 et du duplicata de ces bulletins établis par les greffiers des conseils de guerre au sujet

983.0 4230.0 2329.0 93.0 des condamnations prononcées par ces conseils (décret du 12 décembre 1899, art. 13).................... 0.40

842.0 4299.0 2463.0 89.0 12^o Frais de procédure ou coût du jugement........................................................ 12^f 00

853.0 4364.0 2273.0 86.0 13^o Amende.........................................................................................

849.0 4426.0 2277.0 89.0 14^o Décimes additionnels (en France)...............................................................

842.0 4495.0 2284.0 89.0 15^o Frais fixes de procédure devant la Cour de cassation ou le Conseil de revision...........................

849.0 4560.0 2277.0 93.0 16^o Frais fixes de procédure devant le Conseil de guerre jugeant en 2^e instance.............................

1657.0 4667.0 1645.0 120.0 TOTAL.................................................. 12.40

670.0 4835.0 3072.0 121.0 Vu le dispositif du jugement définitif, l'article 139 du Code de justice militaire, le Président du Conseil de guerre

624 4916 377 124 permanent de la

1032 4921 2637 134 du Quartier Gené́ral liquide les frais dont l'état est ci-dessus à la somme de douze francs quarante

626.0 5004.0 333.0 100.0 centines-

1749 5004 1988 113 du montant de laquelle il délivre le présent exécutoire, pour le recouvrement de

612.0 5083.0 3037.0 114.0 ladite somme être poursuivi sur les biens présents et a venir du condamné, par les percepteurs des Contributions directes.

667.0 5162.0 3065.0 100.0 En conséquence, LE PRÉSIDENT DE LA RÉPUBLIQUE MANDE ET ORDONNE a tous huissiers sur ce requis de mettre ledit jugement à

609 5221 3128 123 exécution, aux Procureurs généraux et aux Procureurs de la République près les tribunaux de première instance d'y tenir la

609 5293 2818 124 main; à tous commandants et officiers de la forre publique de prêter main-forte lorsqu'ils en seront légalement requis.

681.0 5379.0 2624.0 137.0 Fait en la Chambre du Conseil de guerre susdit, à Châlon-Sur-Marne, le 6 Janvier 1915.

655 5690 831 72 (1) En France, en Algérie et en Tunisie.

676 5736 629 129 (2) Aux colonies et aux armées.

2622 5551 309 98 Le Président,

2596 5618 371 273 +
