3990 6191
691.0 288.0 3023.0 93.0 militaire, du Code d'instruction criminelle et du Code pénal ordinaire, et ordonné à la garde d'amener l'accusé, qui a

753.0 189.0 3058.0 106.0 La séance ayant été ouverte, le Président a fait apporter et déposer devant lui, sur le bureau, un exemplaire du Code de justice

684.0 347.0 3233.0 124.0 été introduit, libre et sans fers, devant le Conseil, accompagné de son défenseur M^e Olivier, Officier d'Administration

663.0 440.0 544.0 172.0 désigné d'office

736.0 811.0 3009.0 138.0 Interrogé de ses nom, prénoms, âge, lieu de naissance, état profession et domicile l'accusé

773.0 918.0 3141.0 124.0 a répondu se nommer Bousquet, Henri, Charles, agé de 33 ans, ne à Carmaux, arrondisse

632.0 1011.0 3223.0 148.0 ment d'Albi, département du Tarn, marié, un enfant, profession de boulanger, domicilié à

636.0 1121.0 3230.0 165.0 Blaye, arrondissement d'Albi, département du Tarn, actuellement soldat réserviste du 8^e

629.0 1245.0 1204.0 172.0 Régiment d'Infanterie Coloniale.

718.0 1816.0 3082.0 116.0 Le Président, après avoir fait lire par le greffier l'ordre de convocation, le rapport prescrit par l'article 108 du Code de justice

663.0 1908.0 2924.0 100.0 militaire, et les pièces dont la lecture lui a paru nécessaire, a fait connaître a l'accusé les faits à raison desquels il est

667.0 1981.0 2652.0 103.0 poursuivi, et lui a donné, ainsi qu'au défenseur, l'avertissement indiqué en l'article 121 dudit Code;

725.0 2070.0 3072.0 93.0 Après quoi, il a procédé à l'interrogatoire de l'accusé et a fait entendre publiquement et séparément les témoins a charge (1)

663.0 2208.0 644.0 106.0 vérité et rien que la vérité;

1203.0 2135.0 2590.0 114.0 ; lesdits témoins ayant au préalable prêté serment de parler sans haine et sans crainte, juré de dire toute la

715.0 2452.0 3082.0 141.0 Et le Président ayant, en outre, rempli à leur égard les formalités prescrites par les articles 317 et 319 du Code d'instruction

663.0 2545.0 265.0 99.0 criminelle;

722 2615 78 145 (2)

698.0 3119.0 3250.0 172.0 Ouï M. le Commissaire du Gouvernement en ses réquisitions tendant à ce que (3) le sus nommé soit déclaré coupable

619.0 3298.0 3309.0 151.0 d'abandon de poste en présence de l'ennemi et qu'il lui soit fait application de l'article

626.0 3425.0 1145.0 155.0 213 du Code de Justice militaire

639.0 3738.0 3161.0 121.0 et l'accusé dans - ses moyens de défense, tant par - lui - que par son défenseur, lesquels ont

639.0 3831.0 3148.0 107.0 déclaré n'avoir rien à ajouter à leurs moyens de défense, et ont eu la parole les derniers, le Président a déclaré les débats terminés,

639.0 3910.0 1562.0 93.0 et il a ordonné au défenseur et a l'accusé de se retirer.

717 4075 1450 196 L'accusé a été reconduit par l'escorte à la prison

2198 4101 1575 170 le Commissaire du Gouvernement, le Greffier et les assistants dans

650 4225 1347 119 l'auditoire se sont retirés sur l'invitation du Président (4);

2028 4245 1667 104 le Conseil s'est retiré dans la chambre des délibérations

701.0 4306.0 3086.0 117.0 Le Conseil délibérant à huis clos, le Président a posé la question, conformément à l'article 132 du Code de justice

646.0 4395.0 643.0 103.0 militaire, ainsi qu'il suit:

663.0 4509.0 3158.0 209.0 Le soldat réserviste Bousquet, Henri, Charles du 8^e Régiment d'Infanterie

626.0 4670.0 3143.0 176.0 Coloniale, est-il coupable d'avoir le 10 Décembre 1914, aux environs de Courtemont

626.0 4811.0 2060.0 169.0 abandonné son poste étant en présence de l'ennemi?

708.0 5166.0 630.0 65.0 (1) Et à décharge (s'il y en a).

701 5169 3072 150 (2) Indiquer si des témoins ont été entendus sans prestation de serment, et pour quel motif ; dire que les pièces de conviction, s'il y en a, ont été représentées.

650 5252 3118 129 Indiquer, en outre, ses incidents qui ont pu ce produire, en ayant soin de préciser à quel moment du débat ils ont en lieu, ses conclusions des parties, les

660 5324 3102 113 réquisitions du ministère public, les moyens de défense présentés par l'accusé, et enfin le jugement motivé du Conseil. Dans le cas où le blanc laisse ici ne suf-

650 5381 3118 123 firait pas pour insérer toutes ces mentions, on devra indiquer l'incident et le moment du débat il s'est produit, en ajoutant qu'il y a été statué par jugement

660 5448 3108 118 séparé, lequel est joint et annexé au présent, et alors le jugement séparé doit indiquer la publicité de l'audience, se terminer par la même formule et être signé

650 5509 3112 119 de la même manière que le jugement principal, en mentionnant qu'il y sera annexé comme en taisant partie. En cas de suspension d'audience et de remise au

655 5577 1977 103 lendemain, la mention qui constate cette remise est signée par le Président et le Greffier seulement.

701 5644 2695 118 (3) Indiquer si les réquisitions tendent à la déclaration de culpabilité et, dans ce cas, les articles de loi dont l'application est demandée.

701 5706 2313 123 (4) S'il y a une chambre des délibérations, on mettra que le Tribunal s'est retiré dans la chambre des délibérations.

897.0 5829.0 1531.0 86.0 Conseil de guerre. - N^o 967 de la Nomenclature générale. - Formule n^o 16.
