3731 6191
647.0 123.0 2925.0 141.0 Enjoint au Commissaire du Gouvernement de faire donner immédiatement en sa présence lecture du présent jugement a u

626.0 216.0 1549.0 110.0 condamné devant la garde rassemblée sous les armes,

583 263 3122 154 de avertir que la loi accorde un délai de trois jours francs pour se pourvoir en cassation (1), ou de vingt-quatre heures

581.0 371.0 754.0 103.0 pour se pourvoir en revision (2).

629.0 519.0 2651.0 141.0 Fait, clos et jugé sans désemparer, en séance publique, à Châlon s/ marne, les jour, mois et an que dessus.

629.0 667.0 3067.0 130.0 En conséquence, LE PRÉSIDENT DE LA RÉPUBLIQUE MANDE et ORDONNE à tous huissiers sur ce requis de mettre ledit jugement à

571.0 763.0 3118.0 117.0 exécution; aux Procureurs généraux et aux Procureurs de la République près les tribunaux de première instance d'y tenir le

571.0 825.0 2788.0 113.0 main; à tous commandants et officiers de la force publique de prêter main-forte lorsqu'ils en seront légalement requis.

645 949 2182 144 En foi de quoi le présent jugement a été signé par les Membres du Conseil et par le Greffier.

3168 1062 351 284 +

180 1062 506 346 +

670 1145 656 253 +

2131 1062 712 325 +

1274 1310 645 294 +

3013 1501 408 258 +

616.0 1754.0 2977.0 92.0 L'an mil neuf cent quinze Janvier, - le présent jugement a été lu par nous, Greffier soussigné, au condamné

592.0 1791.0 746.0 114.0 Carrère, sus-qualifié

1661 1805 2023 129 averti par le Commissaire du Gouvernement que l'article 44 de la loi du 17 avril.

3555 1970 124 165 Cette

206 1759 191 96 le six

247 1821 207 180 Le greffier

180 1903 387 377 +

221 2125 785 382 Exécution du jugement

201 2213 877 413 suspendue par decision

232 2254 991 511 de M. le Général commandant

221 2373 965 418 l'armée en date du 7 Janvier

603 2527 377 248 Le Greffier

1253 2233 666 269 +

2683 2228 562 547 +

554 1906 2812 99 1906 accorde trois jours pour se pourvoir en cassation (1), ou que les articles 141 et 143 du Code de justice militaire

547 1939 2977 155 accordent vingt-quatre heures pour se pourvoir en revision (2), lesquels commencent à courir de l'expiration du présent jour.

549 2022 1492 107 lecture faite en présence de la garde rassemblée sous les armes.

258 2708 206 248 1915

1238 2141 795 154 Le Commissaire du Gouvernement,

2786 2166 253 140 Le Greffier,

1751 2651 658 138 EXÉCUTOIRE.

665 2651 459 284 +

581.0 2947.0 2420.0 169.0 Vu la procédure instruite contre le soldat de 1^e classe Carrère, Edouard Louis

521 3038 923 150 et les frais d'icelle dont le détail suit:

767.0 3181.0 2265.0 131.0 1^o Coût du transport des pièces et objets pouvant servie à conviction ou à décharge................. ......

777.0 3257.0 2265.0 117.0 2^o Honoraires des officiers de santé, médecins, chirurgiens civils, sages-femmes, experts, interprètes, traducteurs et

863.0 3332.0 2172.0 104.0 autres, appelés en justice.................................................................

781.0 3384.0 2258.0 117.0 3^o Indemnités accordées aux témoins civils et militaires..............................................

784.0 3449.0 2248.0 117.0 4^o Frais de garde de scellés et ceux de mise en fourrière.............................................

774.0 3508.0 2254.0 113.0 5^o Indemnités de route, de transport et de séjour, accordées aux membres des tribunaux militaires pour les dépla-

863.0 3587.0 2176.0 100.0 cements auxquels l'instruction des procédures peut donner lieu, ainsi que toutes autres dépenses nécessitées

863.0 3642.0 2169.0 113.0 de ce chef..............................................................................

770.0 3693.0 2265.0 135.0 6^o Port des lettres et paquets pour l'instruction, sauf le port des lettres résultant de l'application de la loi du

863.0 3769.0 2165.0 114.0 15 juin 1899............................................................................

770.0 3821.0 2251.0 127.0 7^o Frais l'impression des arrêts, jugements et ordonnances de justice, quand il y a lieu..................

770.0 3893.0 2248.0 120.0 8^o Prime de capture des contumax, des déserteurs et des insoumis......................................

764.0 3962.0 2254.0 113.0 9^o Frais résultant de l'obtention des extraits du casier judiciaire.........................................

753.0 4024.0 2265.0 113.0 10^o Prix du bulletin n^o 1 et du duplicata dudit (décret du 12 décembre 1899, art. 13).....................

757.0 4082.0 2271.0 124.0 11^o Coût des bulletins n^o 1 et du duplicata de ces bulletins établis par les greffiers des conseils de guerre au sujet

891.0 4151.0 2337.0 120.0 des condamnations prononcées par ces conseils (décret du 12 décembre 1899, art. 13).................... 0,40

746.0 4209.0 2458.0 128.0 12^o Frais de procédure ou coût du jugement........................................................ 12^f 00

743.0 4271.0 2272.0 124.0 13^o Amende.........................................................................................

743.0 4344.0 2272.0 113.0 14^o Décimes additionnels (en France)...............................................................

743.0 4405.0 2268.0 121.0 15^o Frais fixes de procédure devant la Cour de cassation ou le Conseil de revision...........................

740.0 4460.0 2271.0 135.0 16^o Frais fixes de procédure devant le Conseil de guerre jugeant en 2^e instance.............................

1563 4581 1651 180 TOTAL.................................................. 12.40

550.0 4739.0 3081.0 172.0 Vu le dispositif du jugement définitif, l'article 139 du Code de justice militaire, le Président du Conseil de guerre

502.0 4832.0 3111.0 158.0 permanent de la du Quartier Général liquide les frais dont l'état est ci-dessus a la somme de douze francs quarante

519.0 4908.0 313.0 103.0 centimes

1661 4927 1956 149 du montant de laquelle il délivre le présent exécutoire, pour le recouvrement de

502.0 4980.0 3032.0 155.0 ladite somme être poursuivi sur les biens présents et à venir du condamné, par les percepteurs des Contributions directes.

557.0 5069.0 3063.0 155.0 En conséquence, LE PRÉSIDENT DE LA RÉPUBLIQUE MANDE ET ORDONNE a tous huissiers sur ce requis de mettre ledit jugement à

502.0 5141.0 3115.0 152.0 exécution; aux Procureurs généraux et aux Procureurs de la République près les tribunaux de première instance d'y tenir la

505.0 5214.0 2799.0 148.0 main; à tous commandants et officiers de la force publique de prêter main-forte lorsqu'ils en seront légalement requis.

561.0 5289.0 2598.0 172.0 Fait en la Chambre du Conseil de guerre susdit, à Châlons-sur-Marne, le 6 Janvier 1915

536 5587 826 103 (1) En France, en Algérie et en Tunisie.

547 5638 634 124 (2) Aux colonies et aux armées.

2497 5499 310 93 Le Président,

2544 5540 325 325 +
