3731 6191
409.0 244.0 3070.0 141.0 La séance ayant été ouverte, le Président a fait apporter et déposer devant lui, sur le bureau, un exemplaire du Code de justice

351.0 340.0 3035.0 134.0 militaire, du Code d'instruction criminelle et du Code pénal ordinaire, et ordonné à la garde d'amener l'accusé, qui a

351.0 402.0 3035.0 165.0 été introduit, libre et sans fers, devant le Conseil, accompagné de son défenseur Monsieur Olivier Officier

326.0 526.0 1040.0 165.0 d'Administration, désigné d'office.

413.0 866.0 2894.0 172.0 Interrogé de ses nom, prénoms, âge, lieu de naissance, état profession et domicile l'accusé

464.0 963.0 3098.0 161.0 a répondu se nommer Pardimène, Louis, Dominique, Henri, âgé de 34 ans, né à Barzun

306.0 1066.0 3173.0 165.0 arrondissement de Pau, département des Basses-Pyrénées, marié, deux enfants, profession de

302.0 1176.0 3215.0 175.0 courrier-postal, domicilié à Pontacq, arrondissement de Pau, département des Basses-Pyrénées

316.0 1303.0 2179.0 189.0 actuellement soldat réserviste du 83^e Régiment d'Infanterie.

406.0 1864.0 3094.0 158.0 Le Président, après avoir fait lire par le greffier l'ordre de convocation, le rapport prescrit par l'article 108 du Code de justice

354.0 1957.0 2939.0 134.0 militaire, et les pièces dont la lecture lui a paru nécessaire, a fait connaître a l'accusé les faits à raison desquels il est

368.0 2049.0 2647.0 131.0 poursuivi, et lui a donné, ainsi qu'au défenseur, l'avertissement indiqué en l'article 131 dudit Code;

413.0 2108.0 3077.0 151.0 Après quoi, il a procédé à l'interrogatoire de l'accusé et a fait entendre publiquement et séparément les témoins a charge (1)

925.0 2184.0 2568.0 151.0 ; lesdits témoins ayant au préalable prêté serment de parler sans haine et sans crainte, juré de dire toute la

357.0 2304.0 654.0 100.0 vérité et rien que la vérité;

413.0 2510.0 3083.0 169.0 Et le Président ayant, en outre, rempli à leur égard les formalités prescrites par les articles 317 et 319 du Code d'instruction

364.0 2641.0 279.0 103.0 criminelle;

428 2718 72 124 (2)

416.0 3205.0 3166.0 155.0 Ouï M. le Commissaire du Gouvernement en ses réquisitions tendant a ce que (3) le sus nommé soit déclaré coupable

337.0 3343.0 3232.0 185.0 d'abandon de poste en présence de l'ennemi et qu'il lui soit fait application de l'article

347.0 3508.0 1184.0 148.0 213 du Code de Justice militaire.

364.0 3797.0 3157.0 154.0 et l'accusé dans ses moyens de défense, tant par lui que par son défenseur, lesquels ont

368.0 3893.0 3153.0 134.0 déclaré n'avoir rien à ajouter à leurs moyens de défense, et ont eu la parole les derniers, le Président a déclaré les débats terminés,

375.0 3982.0 1562.0 121.0 et il a ordonné au défenseur et a l'accusé de se retirer.

443 4189 1481 170 L'accusé a été reconduit par l'escorte à la prison;

1935 4137 1579 207 le Commissaire du Gouvernement, le Greffier et les assistants dans

381 4307 1352 129 l'auditoire se sont retirés sur l'invitation du Président (4).

1764 4297 1631 114 le Conseil s'est retire dans la Chambre des déliberations

444.0 4371.0 3083.0 138.0 Le Conseil délibérant à huis clos, le Président a posé la question, conformément à l'article 132 du Code de justice

388.0 4491.0 637.0 104.0 militaire, ainsi qu'il suit:

457.0 5238.0 613.0 96.0 (1) Et à décharge (s'il y en a).

454 5252 3070 149 (2) Indiquer si des témoins ont été entendus sans prestation de serment, et pour quel motif ; dire que les pièces de conviction, s'il y en a, ont été représentées.

407 5339 3122 129 Indiquer, en outre, ses incidents qui ont pu ce produire, en ayant soin de préciser à quel moment du débat ils ont en lieu, ses conclusions des parties, les

402 5406 3122 124 réquisitions du ministère public, les moyens de défense présentés par l'accusé, et enfin le jugement motivé du Conseil. Dans le cas où le blanc laisse ici ne suf-

407 5463 3122 124 firait pas pour insérer toutes ces mentions, on devra indiquer l'incident et le moment du débat il s'est produit, en ajoutant qu'il y a été statué par jugement

407 5535 3117 109 séparé, lequel est joint et annexé au présent, et alors le jugement séparé doit indiquer la publicité de l'audience, se terminer par la même formule et être signé

407 5597 3112 114 de la même manière que le jugement principal, en mentionnant qu'il y sera annexé comme en taisant partie. En cas de suspension d'audience et de remise au

413.0 5671.0 1968.0 100.0 lendemain, la mention qui constate cette remise est signée par le Président et le Greffier seulement.

457.0 5733.0 2681.0 103.0 (3) Indiquer si les réquisitions tendent à la déclaration de culpabilité et, dans ce cas, les articles de loi dont l'application est demandée.

464.0 5805.0 2317.0 97.0 (4) S'il y a une chambre des délibérations, on mettra que le Tribunal s'est retiré dans la chambre des délibérations.

660.0 5915.0 1529.0 86.0 Conseil de guerre. - N^o 967 de la Nomenclature générale. - Formule n^o 16.
