3777 6229
316 352 572 156 N^o DU JUGEMENT:

522.0 439.0 229.0 149.0 138.

509 602 207 109 (Art. 140

316 607 582 176 du Code de justice militaire.)

327 789 551 186 MINUTE DE JUGEMENT.

1194 503 1206 140 RÉPUBLIQUE FRANÇAISE.

1465 981 639 155 JUGEMENT

509 1110 2582 260 rendu par le CONSEIL DE GUERRE permanent du Quartier Général de la 4^e Armée

1371 1282 977 207 séant à Châlon-sur-Marne

2706 923 535 109 Date du crime ou du délit.

2736 996 568 229 20 Décembre 1914.

2893 461 203 89 N^o 967

2660 482 644 192 DE LA NOMENCLATURE GÉNÉRALE.

2732 612 483 140 [FORMULE N^o 16.]

2691 705 576 187 N^o 3 D'ORDRE.

1353.0 1619.0 852.0 142.0 AU NOM DU PEUPLE FRANÇAIS,

301 1707 2244 223 Le Conseil de guerre permanent du Quartier Général de la 4^e Armée

223 1842 1138 166 a rendu le jugement dont la teneur suit:

280 1936 811 181 CEJOURD'HUI six Janvier

1506 1951 1091 229 de l'an mil neuf cent quatorze quinze

296 2071 72 109 Le

753 2081 1745 171 Conseil de guerre permanent du Quartier Général de la 4^e Armée

225.0 2152.0 1942.0 166.0 composé, conformément au articles 33 et 10 du Code de justice militaire, de MM.

242.0 2235.0 2042.0 215.0 Pitollet, - Colonel de Gendarmerie, prévôt de l'Armée;

2779.0 2342.0 260.0 108.0 Président;

211.0 2387.0 2198.0 229.0 Hourblin, - Chef d'Escadron au 25^e Régiment d'Artillerie;

218.0 2567.0 1547.0 204.0 Dangé d'Orsay, Capitaine de gendarmerie;

231.0 2747.0 2462.0 215.0 Clermonté, - Lieutenant d'Artillerie de réserve à l'Etat Major de l'Armée

231.0 2948.0 1818.0 204.0 Meynier, Maréchal des logis de gendarmerie;

2800.0 2768.0 125.0 170.0 Juges.

192 3088 1527 145 tous nommés par le (1) Général commandant l'Armée

197 3181 1621 156 M. Abiert, Chef de bataillon Commissaire du Gouvernement;

197 3259 1486 140 M. Mathieu, officier d'Adm^on de 1^ere classe Greffier près ledit Conseil;

249 3322 2707 192 Lesquels ne se trouvent dans aucun des cas d'incompatibilité prévus par les articles 22, 23 et 24 du Code précité;

249.0 3415.0 3036.0 180.0 Le Conseil, convoqué par l'ordre du commandant, conformément à l'article 111 du Code de justice militaire, s'est réuni dans

187 3467 1262 161 le lieu ordinaire de ses séances, en audience publique

238.0 3564.0 2711.0 142.0 A l'effet de juger le soldat réserviste Pardimène, Louis, Dominique, Henri

183.0 3630.0 1603.0 142.0 fils de Pierre et de Marie Ribes, né le 14 Juillet 1880

2156 3680 1018 140 , à Barzun, arrondissement de Pau,

180.0 3723.0 889.0 104.0 départements Basses Pyrénées

1630.0 3761.0 1430.0 118.0 , profession de Courrier postal, marié, deux enfants

176.0 3792.0 2794.0 163.0 résidant, avant son entrée au service, à Pontacq, arrondissement de Pau, Département des Basses-Pyrénées

211.0 3868.0 467.0 94.0 Taille d'un mètre

1263.0 3900.0 540.0 103.0 millimètres, cheveux

2579.0 3927.0 214.0 114.0 , front

190.0 3941.0 121.0 111.0 yeux

1205 3955 156 114 , nez

2270 3986 208 192 , visage

228.0 4024.0 1246.0 114.0 Renseignements physionomiques complémentaires:

242.0 4104.0 540.0 90.0 Marques particulières:

181 4157 73 135 (3)

235.0 4204.0 1894.0 194.0 Soldat réserviste au 83^e Régiment d'Infanterie.

249.0 4384.0 2049.0 183.0 Inculpé d'abandon de poste en présence de l'ennemi.

1409.0 4557.0 834.0 142.0 Condamnations antérieures.

1606.0 4740.0 495.0 135.0 sans indication

223 5497 3008 109 (1) Le gouverneur civil ou militaire. - Le général commandant le corps d'armée (France). Le général commandant la division militaire, la division ou

166 5523 2410 114 la brigade d'occupation, etc... – ou le ministre de la guerre, selon les cas prévus par l'article 8 du Code de justice militaire.

197 5595 3018 125 (2) Si le huis clos a été ordonné, le dire en visant l'article 113 du Code de justice militaire; il ne peut être ordonné que pour les débats, et tous les jugements

166.0 5647.0 765.0 90.0 doivent être prononcés publiquement.

207.0 5723.0 2057.0 80.0 (3) Indiquer le crime ou le délit sur lequel l'accusé a été traduit devant de Conseil de guerre (art. 140).

211.0 5876.0 477.0 93.0 FORMULE N° 16.
