4269 6136
148 173 1607 179 4^e Question - Ces outrages ont ils en lieu pendant le service?

153 306 3256 164 5^e Question. Le même est il coupable d'avoir dans les mêmes circonstances de temps et de lieu outragé par paroles

163 439 2667 169 gestes et menaces son superieur le capitaine Prince, du 324^e Régiment d'Infanterie?

158 557 1771 158 6^e Question Ces outrages ont ils en lieu pendant le service ?

158 680 3256 158 7^e Question. Le même est-il coupable d'avoir dans les mêmes circonstances de temps & de lieu de lieu outragé par

153 782 2565 184 paroles gestes et menaces son supérieur le lieutenant, Morizot du 152^e Régiment ?

148 920 1899 164 8^e Question. Ces outrages ont ils eu lieu pendant le service?

163 1012 3246 204 9^e Question. Le sergent Rivière Guillaume du 130^e Régiment territorial d'Infanterie, 6^e C^ie

148 1165 3199 159 est il coupable d'avoir le 12 Juin 1917 à Magneux commis une rebellion sans armes envers la force armée?

184 1314 2999 148 Les voix recueillies séparément, conformément à l'article 131 du Code de justice militaire, en commençant par le grade inférieur,

143 1421 1986 118 le Président ayant émis son opinion le dernier, le Conseil de guerre permanent déclare

148 1503 2657 189 sur la 1^ere Question - À l'unanimité des voix l'accusé Rouffaud est coupable

322 1646 92 133 2^e

737 1626 783 148 À l'Unanimité des voix

1745 1641 159 138 Non

327 1794 82 123 3^e

752 1743 2027 174 À l' Unanimité des voix l'accusé Rouffaud est coupable

332 1886 92 159 4^e

644 1897 871 143 - à l'Unanimité des Voix

1760 1881 118 138 non

332 2009 82 143 5^e

767 1989 2043 173 à l'Unanimité des Voix l'accusé Rouffaud est coupable

327 2122 87 158 6^e

752 2132 788 153 à l'Unanimite des Voix

1765 2111 113 164 non

348 2260 81 127 7^e

767 2229 2038 158 à l'Unanimité des Voix l'accusé Rouffaud est coupable

332 2341 97 128 8^e

767 2352 778 112 À l'Unanimité des Voix

1786 2352 138 133 non

353 2433 82 103 9^e

834 2362 2063 174 à l'unanimité des voix l'accusé Rivière n'est pas coupable

332 2495 2795 123 à la majorité il existe des circonstances atténuantes en faveur de Rouffaud

209 2582 2995 138 Sur quoi, et attendu les conclusions prises par le Commissaire du Gouvernement dans ses réquisitions, le Président a lu le texte

148 2658 3051 138 de la loi, recueilli de nouveau les voix dans la forme prescrite par les articles 131 et 134 du Code de militaire pour l'appli-

143 2756 445 112 cation de la peine.

204 2796 2519 144 Le Conseil est rentré en séance publique, le Président a lu les motifs que précèdent et le dispositif ci-dessous.

220 2909 3132 107 En conséquence, le Conseil (1) I^o acquitte le sergent Rivière, Guillaume susqualifié de l'accusation dirigée

163 2975 3261 118 contre lui, & le Président ordonne qu'il soit mis en liberté, s'il n'est retenu pour autre cause par application

168 3047 1342 107 de l'article 136 du Code de Justice militaire;

143 3093 3204 143 II^o Condamne à l'Unanimité des voix le sergent Rouffaud à la peine de deux ans de prison

189 3200 3235 108 aux frais envers l'Etat, et fixe au minimum la durée de la Contrainte par corps, le tout par application

163 3267 3205 112 des articles 223. 224. 135. 139 du Code de Justice militaire, 1^er de la loi du 19 juillet 1901; 9 de la loi du 22

168 3333 333 123 Juillet 1901.

225 3349 3204 153 Mais attendu toutefois que le condamné Rouffaud n'a subi aucune condamnation antérieure, que

184 3477 3081 107 ses antécédents justifient une mesure d'indulgence, le conseil déclare à la Majorité de

163 3528 3230 133 quatre voix contre une qu'il sera Sursis à l'éxecution de la peine, conformément à l'article

174 3615 870 112 1^er de la Loi du 26 Mars 1891.

184 3630 3163 158 - Les articles vises ont été lus publiquement par le Président et les articles relatifs à l'acquittement et à

158 3758 860 112 la pénalité sont ainsi concus.

122 3768 3343 164 - article 136. C.J.M. Le Jugement est prononcé en séance publique .... si l'accusé n'est pas reconnu coupable, le Conseil

148 3896 3209 117 prononce son acquittement, et le Président ordonne qu'il soit mis en liberté, s'il n'est retenu pour autre cause

148 3967 3174 118 - art 223 du C. J M _ Les voies de fait exercées pendant le service ou à l'occasion du service par un militaire envers son

168 4024 3297 133 supérieur sont punies de mort. Si les voies de fait n'ont pas en lieu pendant le service ou à l'occasion du Service le coupable

153 4106 2851 112 est puni .... de cinq à dix ans de travaux publics s'il est sous officier caporal brigadier ou soldat

158 4172 3297 128 - art 224 du C.J.M _ Tout militaire qui pendant le service ou à l'occasion du service outrage son supérieur par

163 4244 3307 112 paroles gestes et menaces est puni... de cinq à dix ans de travaux publics, s'il est sous officier, caporal brigadier

168 4315 3246 128 ou soldat. Si les outrages n'ont pas eu lieu pendant le service ou à l'occasion du service la peine est de Un an à cinq

179 4397 604 102 ans d'emprisonnement

179 4417 3096 164 art 135 du C.J.M. En cas de conviction de plusieurs crimes ou délits la peine la plus forte est seule prononcée

179 4520 3276 117 art. 1^er loi du 19 Juillet 1901. Tous les tribunaux militaires tant de l'armée de terre que de l'armée de mer pourront à l'avenir en

179 4602 3260 107 temps de paix et même en temps de Guerre, admettre des circonstances atténuantes à tous les crimes et délits reprimés tant par

174 4663 3229 112 les Codes de Justice militaire de l'armée de terre et de l'armée de mer ....... Si la peine est celle des Travaux publics, le

189 4734 2196 139 conseil de Guerre appliquera un emprisonnement de deux mois à Cinq ans...

184 4775 3296 159 art. 1^ere loi du 26 Mars 1891. En cas de condamnation à l'emprisonnement ou à l'amende, si l'inculpé n'a pas subi

184 4862 3322 123 de condamnation antérieure à la prison pour crime ou délit de Droit Commun les Cours ou tribunaux peuvent

194 4944 2907 133 ordonner par le même jugement et par décision motivée qu'il sera sursis à l'execution de la peine..

194 5000 3235 144 art. 9. de la loi du 22 Juillet 1867. La durée de la contrainte par corps est réglée ainsi qu'il suit : deux jours à

194 5072 2779 148 vingt jours lorsque l'amende et les autres condamnations n'excèdent pas Cinquante francs

225 5573 2989 123 (1) Avoir soin de spécifier, s'il y a lieu, après t'indication de la peine infligée, la décision motivée du Conseil relative à ma non-imputation pour tout ou

174 5634 1320 138 partie de la détention préventive sur la durée de la peine prononcée.
