4415 6118
1219 229 3042 143 Enjoint au Commissaire du Gouvernement de faire donner immédiatement en sa présence lecture du présent jugement au detenu

1179 321 1515 132 Mallot devant la garde rassemblée sous les armes,

1168 384 3070 136 de avertir que la loi accorde un délai de trois jours francs pour se pourvoir en cassation (1), ou de vingt-quatre heures

1159 492 773 106 pour se pourvoir en revision (2).

1199 591 2577 168 Fait, clos et jugé sans désemparer, en séance publique, à Crugny, les jour, mois et an que dessus.

1209 734 3001 173 En conséquence, LE PRÉSIDENT DE LA RÉPUBLIQUE MANDE et ORDONNE à tous huissiers sur ce requis de mettre ledit jugement à

1138 836 3067 142 exécution; aux Procureurs généraux et aux Procureurs de la République près les tribunaux de première instance d'y tenir la

1143 912 2751 143 main; à tous commandants et officiers de la force publique de prêter main-forte lorsqu'ils en seront légalement requis.

1214 1029 2124 174 En foi de quoi le présent jugement a été signé par les Membres du Conseil et par le Greffier.

3761.0 1249.0 618.0 336.0 +

1822.0 1187.0 561.0 449.0 +

2271.0 1152.0 704.0 484.0 +

2700.0 1152.0 801.0 484.0 +

1061.0 1182.0 776.0 592.0 +

2893.0 1498.0 490.0 317.0 +

1204 1815 3052 117 L'an mil neuf cent dix sept Vingt & Un Juillet le présent jugement à été lu par nous, Greffier soussigné, au detenu Mallot

2255 1876 1945 122 averti par le Commissaire du Gouvernement que l'article 44 de la loi du 17 avril

1163 1962 2746 118 1906 accorde trois jours pour se pourvoir en cassation (1), ou que les articles 141 et 143 du Code de justice militaire

1148 2024 2970 137 accordent vingt-quatre heures pour se pourvoir en revision (2), lesquels commencent à courir de l'expiration du présent jour.

4098 2029 112 153 Cette

1138 2115 1465 133 lecture faite en présence de la garde rassemblée sous les armes.

1806 2238 802 117 Le Commissaire du Gouvernement,

1965.0 2335.0 648.0 219.0 +

3323 2239 300 86 Le Greffier,

3077 2329 557 347 +

2342 2702 674 147 EXÉCUTOIRE.

1204 2997 2169 169 Vu la procédure instruite contre le Détenu Mallot, vincent.

1138 3115 893 127 et les frais d'icelle dont le détail suit:

1393 3222 2235 142 1^o Coût du transport des pièces et objets pouvant servie à conviction ou à décharge................. ......

1383 3324 2245 112 2^o Honoraires des officiers de santé, médecins, chirurgiens civils, sages-femmes, experts, interprètes, traducteurs et

1490 3390 2133 102 autres, appelés en justice.................................................................

1393 3446 2235 112 3^o Indemnités accordées aux témoins civils et militaires..............................................

1388 3507 2240 97 4^o Frais de garde de scellés et ceux de mise en fourrière.............................................

1388 3568 2230 112 5^o Indemnités de route, de transport et de séjour, accordées aux membres des tribunaux militaires pour les dépla-

1490 3635 2138 107 cements auxquels l'instruction des procédures peut donner lieu, ainsi que toutes autres dépenses nécessitées

1490 3706 2138 92 de ce chef..............................................................................

1413 3752 2221 122 6^o Port des lettres et paquets pour l'instruction, sauf le port des lettres résultant de l'application de la loi du

1495 3828 2139 97 15 juin 1899............................................................................

1398 3879 2236 112 7^o Frais l'impression des arrêts, jugements et ordonnances de justice, quand il y a lieu..................

1388 3935 2424 113 8^o Prime de capture des contumax, des déserteurs et des insoumis......................................

1393 4012 2424 107 9^o Frais résultant de l'obtention des extraits du casier judiciaire.........................................

1362 4068 2266 102 10^o Prix du bulletin n^o 1 et du duplicata dudit (décret du 12 décembre 1899, art. 13).....................

1367 4129 2267 107 11^o Coût des bulletins n^o 1 et du duplicata de ces bulletins établis par les greffiers des conseils de guerre au sujet

1510 4190 2318 102 des condamnations prononcées par ces conseils (décret du 12 décembre 1899, art. 13).................... 0.40

1372 4252 2435 117 12^o Frais de procédure ou coût du jugement........................................................ 12^f 00

1367 4328 2267 87 13^o Amende.......................................................................................

1362 4374 2272 112 14^o Décimes additionnels (en France)...............................................................

1367 4445 2261 97 15^o Frais fixes de procédure devant la Cour de cassation ou le Conseil de revision...........................

1362 4501 2277 123 16^o Frais fixes de procédure devant le Conseil de guerre jugeant en 2^e instance.............................

2189 4588 1639 148 TOTAL.................................................. 37^f 65

1209 4792 3027 122 Vu le dispositif du jugement définitif, l'article 139 du Code de justice militaire, le Président du  Conseil de guerre

1153 4868 3170 128 permanent de la u Q. g de la 10^e Armée liquide les frais dont l'état est ci-dessus à la somme de trente sept francs soixante

1173 4960 3068 102 cinq centimes du montant de laquelle il délivre le présent exécutoire, pour le recouvrement de

1148 5026 3006 113 ladite somme être poursuivi sur les biens présents et à venir du condamné, par les percepteurs des Contributions directes.

1214 5108 3017 102 En conséquence, LE PRÉSIDENT DE LA RÉPUBLIQUE MANDE ET ORDONNE a tous huissiers sur ce requis de mettre ledit jugement à

1153 5174 3083 128 exécution; aux Procureurs généraux et aux Procureurs de la République près les tribunaux de première instance d'y tenir la

1158 5256 2761 112 main; à tous commandants et officiers de la force publique de prêter main-forte lorsqu'ils en seront légalement requis.

1209 5327 2782 158 Fait en la Chambre du Conseil de guerre susdit, à Crugny, le Vingt et Un Juillet 1917.

1204 5633 817 87 (1) En France, en Algérie et en Tunisie.

1199 5679 643 117 (2) Aux colonies et aux armées.

3128 5480 312 128 Le Président,

3756.0 5496.0 618.0 331.0 +
