4415 6118
1194 203 2996 194 La séance ayant été ouverte, le Président a fait apporter et déposer devant lui, sur le bureau, un exemplaire du Code du justice

1143 295 2868 184 militaire, du Code d'instruction criminelle et du code pénal ordinaire, et ordonné à la garde d'amener l'accusé, qui a

1148 387 3246 184 été introduit, libre et sans fers, devant le Conseil, accompagné de son défenseur m. l'officier d'administration

1143 479 2577 214 de 2^e Classe Fontagnes, du service de Santé; désigné d'office

1209 820 3006 214 Interrogé de ses noms, prénoms, âge, lieu de naissance, état profession et domicile l'accusé à

1403 927 2960 199 répondu se nommer Mallot, vincent, 25 ans, né à Limoges (H^te Vienne)

1184 1045 2592 224 celibataire, menuisier, demeurant à Limoges (H^te Vienne)

1204 1187 2593 235 Actuellement détenu à l'atelier de Travaux publics n^o 3

1235 1789 3001 209 Le Président, après avoir fait lire par le greffier de convocation, le rapport prescrit par l'article 108 du Code de justice

1168 1906 2889 179 militaire, et les pièces dont la lecture lui a paru nécessaire, a fait connaître a l'accusé les faits à raison desquels il est

1168 1993 2603 163 poursuivi, et lui a donné, ainsi qu'au défenseur, l'avertissement indiqué en l'article 121 dudit Code;

1230 2049 3006 178 Après quoi, il a procédé à l'interrogatoire de l'accusé et a fait entendre publiquement et séparément les témoins à charge (1)

1730 2131 2506 168 ; lesdits témoins ayant au préalable prêté serment de parler sans haine et sans crainte, jure de dire toute la

1179 2258 622 112 vérité et rien que la vérité;

1245 2462 3001 178 Et le Président ayant, en outre, rempli à leur égard les formalités proscrites par las articles 317 et 319 du Code d'instruction

1179 2589 265 138 criminelle;

1240 2676 66 128 (2)

1250 3130 3144 214 Ouï M. le Commissaire du Gouvernement en ses réquisitions tendant à ce que (3) l'accusé soit reconnu coupable

1240 3288 3108 214 des faits relevés contre lui dans t'ordre de mise en jugement, & qu'il

1245 3415 3159 235 lui soit fait application des articles 231. 232. 234 du C. de Justice militaire

1189 3670 3077 220 et l'accusé dans ses moyens de défense, tant par lui que par son défenseur, lesquels ont

1184 3803 3072 168 déclaré n'avoir rien à ajouter à leurs moyens de défense, et ont eu la parole les derniers, le Président a déclaré les débats terminés,

1189 3905 1531 168 et il a ordonné au défenseur et à l'accusé de se retirer.

1250 4093 3022 194 L'accusé a été reconduit par l'escorte à la prison ; le Commissaire du Gouvernement, le Greffier et les assistants dans

1204 4241 1332 133 l'auditoire se sont retirés sur l'invitation du Président (4);

1260 4287 3017 179 Le Conseil délibérant à huis clos, le Président a posé les questions, conformément à l'article 132 du Code de justice

1214 4404 613 169 militaire, ainsi qu'il suit:

1281 5169 612 92 (1) Et à décharge (s'il y en a).

1270 5169 3002 148 (2) Indiquer si des témoins ont été entendus sans prestation de serment, et pour quel motif; dire que les pièces de conviction, s'il y en a, ont été représentées.

1235 5241 3047 142 Indiquer, en outre, ses incidents qui ont pu ce produire, en ayant soin de préciser à quel moment du débat ils ont en lieu, ses conclusions des parties, les

1230 5302 3042 137 réquisitions du ministère public, les moyens de défense présentés par l'accusé, et enfin le jugement motivé du Conseil. Dans le cas où le blanc laisse ici ne suf-

1230 5368 3047 138 firait pas pour insérer toutes ces mentions, on devra indiquer l'incident et le moment du débat il s'est produit, en ajoutant qu'il y a été statué par jugement

1224 5424 3058 138 séparé, lequel est joint et annexé au présent, et alors le jugement séparé doit indiquer la publicité de l'audience, se terminer par la même formule et être signé

1219 5490 3073 138 de la même manière que le jugement principal, en mentionnant qu'il y sera annexé comme en taisant partie. En cas de suspension d'audience et de remise au

1230 5567 1949 117 lendemain, la mention qui constate cette remise est signée par le Président et le Greffier seulement.

1276 5618 2649 132 (3) Indiquer si les réquisitions tendent à la déclaration de culpabilité et, dans ce cas, les articles de loi dont l'application est demandée.

1276 5699 2276 133 (4) S'il y a une chambre des délibérations, on mettra que le Tribunal s'est retiré dans la chambre des délibérations.

1480 5796 1521 143 Conseil de guerre. - N^o 967 de la Nomenclature générale. - Formule n^o 16.
