4269 6136
189 178 3240 179 Le conducteur Moreau, Joseph Louis Simon, de la Section 8 M. 503, est il coupable

153 337 3117 164 d'avoir par imprudence, le 3 Mai 1917, dans Maizy (aisne), conduisant un

143 439 3184 189 camion automobile, renversé et causé involontairement la mort du soldat

158 572 1828 200 queroy du 144^e Régiment d'Infanterie?

199 1334 2984 153 Les voix recueillies séparément, conformément à l'article 131 du Code de justice militaire, ou commençant par le grade inférieur,

143 1431 1991 154 le Président ayant émis son opinion le dernier, le Conseil de guerre permanent déclare

286 1723 2677 174 a la majorité de Quatre voix contre Une l'accusé est coupable

245 2065 2411 189 a la Majoute il existe des Circonstances atténuantes

204 2556 3010 189 Sur quoi, et attendu les conclusions prises par le Commissaire du Gouvernement dans ses réquisitions, le Président a lu le texte

148 2689 3056 148 de la loi, recueilli de nouveau les voix dans la forme prescrite par les articles 131 et 134 du Code de militaire pour l'appli-

158 2791 425 108 cation de la peine.

225 2832 2508 143 Le Conseil est rentré en séance publique, le Président a lu les motifs que précèdent et le dispositif ci-dessous.

214 2914 3148 133 En conséquence, le Conseil (1) condamne le conducteur Moreau susqualifié 1^o a la majorité de

194 3032 3184 153 trois voix contre deux à la peine de Un mois de prison 2^o à l'Unanimité des voix, à la peine

174 3149 3240 169 de deux cents francs d'amende ; le Conseil le condamne en outre aux frais envers l'Etat a fixé

168 3267 3230 179 au minimum la durée de la contrainte pas Corps par application des articles 319, 463 du Code

179 3379 3183 190 penal, 267. 139 du C. de Justice militaire 9 de la loi du 22 Juillet 1867.- Mais attendu toutefois

163 3512 3327 159 que le condamné n'a pas subi de condamnation antérieure, que ses antécédents justifient une mesure

174 3615 3322 194 d'indulgence, le Conseil declare à l'Unanimité des Voix qu'il sera sursis à l'éxécution

184 3737 3250 205 de la peine. en ce qui concerne la prison, conformément à l'article 1^er de la loi du 26 mars

194 3921 159 144 1891.

174 3988 3337 194 Les articles visés ont été lus publiquement par le Président, et ceux relatifs. la pénalité sont ainsi conçus

179 4121 3311 163 art. 319. C. pénal. Quiconque par maladresse imprudence inattention, négligence ou inobservation des réglements aura commis

189 4244 3296 163 involontairement un homicide ou en aura été involontairement la cause sera puni d'un emprisonnement de trois mois a deux

174 4387 1100 163 ans, et d'une amende de 50 francs à 600^f.

174 4474 3204 189 art.463. C. pénal .... Dans tous les cas où la peine de l'emprisonnement et celle de l'amende sont prononcées par le Code pénal, si

179 4586 3291 179 les circonstances paraissent atténuantes, les tribunaux correctionnels sont autorisés-même en cas de récidive à réduire l'em-

163 4694 2421 209 prisonnement même au dessous de six jours, et l'amende même an dessous de 16 francs.

174 4791 3209 194 Art. 267. les Tribunaux militaires appliquent les peines portées par les lois pénales ordinaires à tous les crimes ou délits non prévues

168 4954 3266 154 par le présent Code, & dans ce cas, s'il existe des circonstances attenuantes, il est fait application aux militaires de l'article 463. du C. pénal.

158 5062 3358 153 art. 1^er loi du 26 mars 1891._... En cas de condamnation à l'emprisonnement ou à l'amende, si l'inculpé n'a pas subi de condamnation antéreure

184 5159 3286 215 a la prison pour crime ou delit de droit commun, les Cours ou Tribunaux peuvent ordonner par le même Jugement et par decision motivée

184 5322 1049 128 qu'il sera sursis a l'execution de la peine...

174 5415 3291 132 art 9. Loi du 22 Juillet 1867. La durée de la Contrainte par Corps est réglée ainsi qu'il suit : deux jours à vingt jours, lorsque l'amende et

184 5501 3322 139 les autres condamnations n'excèdent par cinquante francs... De deux mois a quatre mois lorsqu'elles sont supérieures a 200^f; et qu'elles n'excèdent pas 500 francs.

235 5634 3010 87 (1) Avoir soin de spécifier, s'il y a lieu, après t'indication de la peine infligée, la décision motivée du Conseil relative à ma non-imputation pour tout ou

174 5665 1330 118 partie de la détention préventive sur la durée de la peine prononcée.
