3712 6087
269 1349 2931 228 Les voix recueillies séparément, conformément à l'article 131 du Code de justice militaire, on commençant par le grade inférieur,

223 1430 1924 193 le Président ayant émis son opinion le dernier, le Conseil de guerre permanent déclare

1120 1839 994 139 A l'unanimité oui

734 2137 2142 220 A la majorité, il existe des circonstances atténuantes

240 2614 2930 169 Sur quoi, et attendu les conclusions prises par le Commissaire du Gouvernement dans ses réquisitions, le Président à lu le texte

186 2691 2971 166 de la loi, recueilli de nouveau les voix dans la forme prescrite par les articles 131 et 134 du Code de justice militaire pour l'appli-

177 2764 422 107 cation de la peine.

230 2843 2463 139 Le Conseil est rentré en séance publique, le Président a lu les motifs qui précèdent et le dispositif ci-dessous.

238 2916 2900 173 En conséquence, le Conseil (1) à l'unanimité condamne le soldat Tremblot

233 2992 3057 173 susqualifié, à la peine de Trois mois de prison, aux frais envers l'Etat

240 3094 2893 162 et fixe au minimum la durée de la contrainte par corps, par application

236 3178 2873 142 des articles 231, 232, 234, 139 du code de Justice militaire, 1^er de la loi du 19

253 3239 2981 179 Juillet 1901 modifié par l'article 1^er de celle du 27 Avril 1916, 9 de la loi

240 3327 852 122 du 22 Juillet 1867.

253 3466 3076 149 condamnation antérieure, que ses antécédents justifient une mesure d'indulgence

1004 3398 2203 139 Mais attendu toutefois, que le condamné n'a pas subi de

233 3543 3012 163 le conseil déclare à l'unanimité qu'il sera sursis à l'exécution de la peine,

253 3631 2829 142 conformément aux articles 1^er de la loi du 26 mars 1891 1^er de la loi du

257 3709 2568 152 28 Juin 1904 modifié par l'article 2 de la loi du 27 Avril 1916.

954 3811 1969 138 Le texte de la loi appliquée est ainsi conçu:

534 3899 2934 206 Art. 232. C.J. M. « Tout sous-officier, caporal, brigadier ou soldat

341 4051 3090 172 coupable de désertion a l'intérieur en temps de paix est puni....

355 4186 3096 193 et de deux ans à cinq ans de Travaux publics, si la désertion a eu

378 4315 1547 155 lieu en temps de guerre.... »

460 4440 2984 186 Art, 1^er Loi du 19 juillet 1901.... « Si la peine est celle des Travaux

345 4588 3008 170 publics, le Conseil de guerre appliquera un emprisonnement

362 4734 1570 132 de deux mois à cinq ans.... ».

538 4845 2926 183 Art. 139. C.J. M. Le jugement qui prononce une peine contre

345 4974 2663 169 l'accusé, le condamne aux frais envers l'État. »

426 5099 3001 179 Art. 9. Loi du 22 juillet 1867. « La durée de la contrainte par

328 5248 3109 166 par corps est reglée ainsi qu'il suit: de deux à Vingt jours lorsque l'amende

318 5363 2954 142 et les autres condamnations n'excedent pas Cinquante francs.... »

199 5589 2893 115 (1) Avoir soin de spécifier, s'il y a lieu, après t'indication de la peine infligée, la décision motivée du Conseil relative à ma non-imputation pour tout ou

121 5660 1320 98 partie de la détention préventive sur la durée de la peine prononcée.
