4415 6118
1179 198 3006 189 La séance ayant été ouverte, le Président a fait apporter et déposer devant lui, sur le bureau, un exemplaire du Code du justice

1127 300 2946 163 militaire, du Code d'instruction criminelle et du code pénal ordinaire, et ordonné à la garde d'amener l'accusé, qui a

1117 377 3262 163 été introduit, libre et sans fers, devant le Conseil, accompagné de son défenseur l'officier d'administration de la

1143 463 2383 204 classe Fontanges du service de Santé, désigné d'office

1199 795 2986 224 Interrogé de ses nom, prénoms, âge, lieu de naissance, état profession et domicile l'accusé a

1378 922 2924 163 répondu de nommer Perard Léon Isidore, 46 ans, né à Paris, célibataire

1163 1024 3180 204 dessinateur en broderies demeurant avant son entrée au service à Paros.

1158 1152 3231 214 rue de Belleyle, actuellement soldat au 35^e Régiment territorial d'Infanterie

1194 1774 3027 214 Le Président, après avoir fait lire par le greffier de convocation, le rapport prescrit par l'article 108 du Code de justice

1133 1911 2909 153 militaire, et les pièces dont la lecture lui a paru nécessaire, a fait connaître a l'accusé les faits à raison desquels il est

1138 1988 2608 153 poursuivi, et lui a donné, ainsi qu'au défenseur, l'avertissement indiqué en l'article 121 dudit Code;

1199 2059 3011 148 Après quoi, il a procédé à l'interrogatoire de l'accusé et a fait entendre publiquement et séparément les témoins à charge (1)

1684 2141 2531 148 ; lesdits témoins ayant au préalable prêté serment de parler sans haine et sans crainte, jure de dire toute la

1143 2243 633 153 vérité et rien que la vérité;

1204 2426 3006 214 Et le Président ayant, en outre, rempli à leur égard les formalités proscrites par las articles 317 et 319 du Code d'instruction

1138 2579 286 133 criminelle;

1199 2656 82 153 (2)

1214 3176 3134 137 Ouï M. le Commissaire du Gouvernement en ses réquisitions tendant à ce que (3) l'accusé soit reconnu coupable

1194 3293 3139 158 des faits relevés contre lui dans l'ordre de mise en Jugement & qu'il lui soit

1194 3431 3093 153 fait application des articles 379, 401 du Code pénal; 267 du Code de Justice

1214 3533 429 188 militaire.

1148 3691 3088 173 et l'accusé dans ses moyens de défense, tant par lui que par son défenseur, lesquels ont

1153 3803 3078 132 déclaré n'avoir rien à ajouter à leurs moyens de défense, et ont eu la parole les derniers, le Président a déclaré les débats terminés,

1153 3895 1526 127 et il a ordonné au défenseur et à l'accusé de se retirer.

1219 4134 3002 138 L'accusé a été reconduit par l'escorte à la prison ; le Commissaire du Gouvernement, le Greffier et les assistants dans

1163 4231 1327 122 l'auditoire de sont retirés sur l'invitation du Président (4);

1204 4287 3032 158 Le Conseil délibérant à huis clos, le Président a posé la question, conformément à l'article 132 du Code de justice

1153 4379 633 163 militaire, ainsi qu'il suit:

1224 5154 603 81 (1) Et à décharge (s'il y en a).

1219 5154 3007 143 (2) Indiquer si des témoins ont été entendus sans prestation de serment, et pour quel motif ; dire que les pièces de conviction, s'il y en a, ont été représentées.

1179 5246 3042 107 Indiquer, en outre, ses incidents qui ont pu ce produire, en ayant soin de préciser à quel moment du débat ils ont en lieu, ses conclusions des parties, les

1179 5297 3047 117 réquisitions du ministère public, les moyens de défense présentés par l'accusé, et enfin le jugement motivé du Conseil. Dans le cas où le blanc laisse ici ne suf-

1179 5368 3052 117 firait pas pour insérer toutes ces mentions, on devra indiquer l'incident et le moment du débat il s'est produit, en ajoutant qu'il y a été statué par jugement

1168 5439 3068 102 séparé, lequel est joint et annexé au présent, et alors le jugement séparé doit indiquer la publicité de l'audience, se terminer par la même formule et être signé

1168 5496 3058 122 de la même manière que le jugement principal, en mentionnant qu'il y sera annexé comme en taisant partie. En cas de suspension d'audience et de remise au

1179 5562 1949 112 lendemain, la mention qui constate cette remise est signée par le Président et le Greffier seulement.

1224 5628 2655 112 (3) Indiquer si les réquisitions tendent à la déclaration de culpabilité et, dans ce cas, les articles de loi dont l'application est demandée.

1230 5694 2261 123 (4) S'il y a une chambre des délibérations, on mettra que le Tribunal s'est retiré dans la chambre des délibérations.

1413 5761 1516 147 Conseil de guerre. - N^o 967 de la Nomenclature générale. - Formule n^o 16.
