3602 6087
196 290 575 115 N^o DU JUGEMENT:

375 368 233 118 580

385 522 193 122 (Art. 140

206 568 578 121 du Code de justice militaire.)

202 733 565 105 MINUTE DE JUGEMENT.

1055 405 1153 142 RÉPUBLIQUE FRANÇAISE.

1325 869 626 162 JUGEMENT

399 1048 2529 182 rendu par le, CONSEIL DE GUERRE permanent du Q. G. de la 10^e Armée

1214 1200 1197 149 séant à Morisel (Somme)

2506 882 546 108 29 octobre 1916

2704 355 172 71 N^o 967

2475 365 614 157 DE LA NOMENCLLTURE GÉNÉRALE.

2567 514 449 111 [FORMULE N^o 16.]

2521 644 517 121 N^o 9 D'ORDRE

2530 818 544 74 Date du crime ou du délit.

1220 1511 822 112 AU NOM DU PEUPLE FRANÇAIS,

196 1626 2097 162 Le Conseil de guerre permanent du Q. G. de la 10^e Armée

121 1765 1103 101 a rendu le jugement dont la teneur suit:

172 1870 2134 145 CEJOURD'HUI Quatre Janvier de l'an mil neuf cent dix sept,

182 1957 107 107 Le

598 1978 1708 108 Conseil de guerre permanent du Q.G. de la 10^e Armée

121 2052 1891 102 composé, conformément aux articles 3 et 10 du Code de justice militaire, de MM.

125 2110 2113 169 Wiart, Lieutenant Colonel du Génie, Directeur du service des routes de l'Armée

2643 2105 223 202 Président;

87 2279 1942 176 Maille, Chef de Bataillon au 89^e Régiment territorial d'infanterie

77 2451 1948 176 Delande, Capitaine du génie, adjoint au Directeur du Génie des Etapes

81 2607 1880 155 Chéradame, Lieutenant au 8^e escadron du train des équipages militaires

74 2745 2273 183 Danglade, Maréchal des logis de gendarmerie, force publique de la D.T.I.

2633 2597 136 147 Juges

104 2945 1384 135 tous nommés par le (1) Général de Division

104 3043 1590 115 M. Gullaumin Capitaine Commissaire du Gouvernement;

108 3124 1444 85 M. Mercier, sergent C^is Greffier près ledit Conseil;

169 3188 2638 122 Lesquels ne se trouvent dans aucun des cas d'incompatibilité prévus par les articles 22, 23 et 24 du Code précités;

158 3270 2970 118 Le Conseil, convoqué par l'ordre du commandant, conformément à l'article 111 du Code de justice militaire, s'est réuni dans

125 3341 1285 94 le lieu ordinaire de ses séances, en audience publique (2)

169 3371 3057 166 A l'effet de juger le soldat Lacour Lucien André, fils de Léon Philippe

108 3479 3061 136 et de Alexandre Pauline Alicia Virginie, né le 16 décembre 1895, a Nogent le Roi, arrond^t de Dreux

111 3557 795 101 département d'Eure et Loir

1516 3571 802 106 , profession de mécanicien

104 3635 2831 122 résidant, avant son entrée au service, à Nogent le Roi, arrondissement de Dreux (Eure et Loir)

172 3702 2723 146 Taille d'un mètre sept cent vingt millimètres, cheveux châtain foncé, front moyen

106 3758 2461 157 yeux marron clair, nez rectiligne gros, visage long

157 3850 1273 101 Renseignements physionomiques complémentaires: «

169 3919 2367 145 Marques particulières:  Célibataire - Active classe 1915

916 4081 1346 146 du Pare d'aviation n^o 102

598 4281 1789 165 Prévenu de: Incendie involontaire

1102 4511 1218 155 Condamnations antérieures

1521 4710 268 149 Néant

167 5255 2968 71 (1) Le gouverneur civil ou militaire. - Le général commandant le corps d'armée (France). Le général commandant la division militaire, la division ou

121 5292 2381 88 la brigade d'occupation, etc... – ou le ministre de la guerre, selon les cas prévus par l'article 8 du Code de justice militaire.

157 5341 2957 122 (2) Si le huis clos a été ordonné, le dire en visant l'article 113 du Code de justice militaire; il ne peut être ordonné que pour les débats, et tous les jugements

118 5407 707 88 doivent être prononcés publiquement.

148 5458 2019 114 (3) Indiquer le crime ou le délit sur lequel l'accusé a été traduit devant de Conseil de guerre (art. 140).

158 5627 454 71 FORMULE N° 16.
