4415 6118
1214 193 3007 168 La séance ayant été ouverte, le Président a fait apporter et déposer devant lui, sur le bureau, un exemplaire du Code du justice

1153 310 3022 128 militaire, du Code d'instruction criminelle et du code pénal ordinaire, et ordonné à la garde d'amener les accusé, qui ont

1163 382 3068 143 été introduit, libre et sans fers, devant le Conseil, accompagné de leur défenseur le caporal milhet du 130^e

1179 479 1618 183 régiment territorial d'infanterie choisi par les accusés

1219 805 3109 194 Interrogé de leurs noms, prénoms, âge, lieux de naissance, état profession et domicile les accusés ont

1403 927 2945 179 répondu se nommer 1^o Rouffaud, Léopold, 35 ans, né à Le Bouchage (arr^t. de Confolens. Charente)

1153 1055 3210 163 marié, un enfant, marchand de vois et charbon, demeurant avant son entrée au service à Le Bouchage.

1138 1172 3246 209 2^o Rivière, Guillaume 40 ans, né à Montesquieu (arr^t de Nerac. Lot et Garonne), marié, deux enfants

1148 1320 2077 163 cultivateur, demeurant avant son entrée au Service à Montesquieu.

1342 1417 2960 199 Tous deux actuellement sergents au 130^e Régiment territorial d'infanterie

1214 1789 3022 173 Le Président, après avoir fait lire par le greffier de convocation, le rapport prescrit par l'article 108 du Code de justice

1163 1906 2955 138 militaire, et les pièces dont la lecture lui a paru nécessaire, a fait connaître aux accusés les faits à raison desquels ils sont

1158 1988 2608 127 poursuivi, et lui a donné, ainsi qu'au défenseur, l'avertissement indiqué en l'article 121 dudit Code;

1219 2054 3017 133 Après quoi, il a procédé à l'interrogatoire ds accusés et a fait entendre publiquement et séparément les témoins à charge (1)

1714 2141 2517 117 ; lesdits témoins ayant au préalable prêté serment de parler sans haine et sans crainte, jure de dire toute la

1168 2222 623 123 vérité et rien que la vérité;

1224 2442 3017 188 Et le Président ayant, en outre, rempli à leur égard les formalités proscrites par las articles 317 et 319 du Code d'instruction

1158 2569 266 107 criminelle;

1214 2640 87 128 (2)

1230 3145 3088 168 Ouï M. le Commissaire du Gouvernement en ses réquisitions tendant à ce que (3) les accusés soient reconnus coupables

1204 3298 3149 158 des faits relevés contre eux dans l'ordre de mise en jugement, & qu'il leur soit fait application savoir

1204 3410 3154 169 à Rouffaud des articles 2.23.224 du Code de Justice militaire et à Rivière de l'article 225 du Code de Justice

1214 3548 291 178 militaire

1168 3696 3078 153 et les accusés dans leurs moyens de défense, tant par eux que par leur défenseur, lesquels ont

1168 3808 3063 133 déclaré n'avoir rien à ajouter à leurs moyens de défense, et ont eu la parole les derniers, le Président a déclaré les débats terminés.

1168 3890 1521 132 et il a ordonné au défenseur et aux accusés de se retirer.

1224 4119 3022 138 Les accusés ont été reconduit par l'escorte à la prison: le Commissaire du Gouvernement, le Greffier et les assistants dans

1168 4221 1327 112 l'auditoire se sont retirés sur l'invitation du Président (4);

1224 4292 3027 118 Le Conseil délibérant à huis clos, le Président a posé les questions, conformément à l'article 132 du Code de justice

1179 4369 3205 153 militaire, ainsi qu'il suit: 1^ere Question. Le sergent Rouffaud Léopold du 130^e Régiment territorial d'infanterie.

1163 4481 3231 168 6^e C^ie . est-il coupable d'avoir le 12 Juin 1917 à Magneux, exercé des voies de fait sur la personne de son supérieur

1168 4588 1817 168 le lieutenant Morizot du 152^e Régiment d'Infanterie?

1168 4715 1848 143 2^e Question. Ces voies de fait ont elles eu lieu pendant le service?

1163 4833 3221 168 3^e Question. Le même est il coupable d'avoir dans les mêmes circonstances de temps et de lieu outragé par paroles

1173 4975 2614 164 gestes et menaces son supérieur le Commandant d'Auzer, du 213^e Régiment d'Infanterie?

1219 5154 608 66 (1) Et à décharge (s'il y en a).

1235 5154 3006 132 (2) Indiquer si des témoins ont été entendus sans prestation de serment, et pour quel motif ; dire que les pièces de conviction, s'il y en a, ont été représentées.

1179 5241 3052 102 Indiquer, en outre, ses incidents qui ont pu ce produire, en ayant soin de préciser à quel moment du débat ils ont en lieu, ses conclusions des parties, les

1173 5302 3063 97 réquisitions du ministère public, les moyens de défense présentés par l'accusé, et enfin le jugement motivé du Conseil. Dans le cas où le blanc laisse ici ne suf-

1173 5368 3063 107 firait pas pour insérer toutes ces mentions, on devra indiquer l'incident et le moment du débat il s'est produit, en ajoutant qu'il y a été statué par jugement

1173 5424 3053 107 séparé, lequel est joint et annexé au présent, et alors le jugement séparé doit indiquer la publicité de l'audience, se terminer par la même formule et être signé

1173 5490 3063 102 de la même manière que le jugement principal, en mentionnant qu'il y sera annexé comme en taisant partie. En cas de suspension d'audience et de remise au

1168 5557 1965 91 lendemain, la mention qui constate cette remise est signée par le Président et le Greffier seulement.

1219 5618 2665 107 (3) Indiquer si les réquisitions tendent à la déclaration de culpabilité et, dans ce cas, les articles de loi dont l'application est demandée.

1230 5689 2281 123 (4) S'il y a une chambre des délibérations, on mettra que le Tribunal s'est retiré dans la chambre des délibérations.

1418 5801 1516 102 Conseil de guerre. - N^o 967 de la Nomenclature générale. - Formule n^o 16.
