4269 6136
158 184 3102 194 de soldat Perard, Léon Isidore, du 35^e Régiment territorial d'

133 327 3045 168 Infanterie 19^e Compagnie, est-il coupable d'avoir le 22 Mai 1917 à

127 470 2657 169 Paris volé un fromage au préjudice de la maison Damoy

194 1324 2979 153 Les voix recueillies séparément, conformément à l'article 131 du Code de justice militaire, ou commençant par le grade inférieur,

138 1431 1965 143 le Président ayant émis son opinion le dernier, le Conseil de guerre permanent déclare

429 1743 1987 194 a l'Unanimité, l'accusé est coupable

404 2142 2692 220 a la Majorité il existe des circonstances atténuantes.

204 2566 2995 164 Sur quoi, et attendu les conclusions prises par le Commissaire du Gouvernement dans ses réquisitions, le Président a lu le texte

87 2669 3117 153 de la loi, recueilli de nouveau les voix dans la forme prescrite par les articles 131 et 134 du Code de militaire pour l'appli-

143 2781 430 102 cation de la peine.

199 2827 2519 128 Le Conseil est rentré en séance publique, le Président a lu les motifs que précèdent et le dispositif ci-dessous.

214 2894 3000 153 En conséquence, le Conseil(1) à l'Unanimité des voix, condamne Perard

158 3001 3245 153 Léo Isidore, susqualifié, à la peine de Un mois de prison, aux frais envers

168 3139 3241 143 l'Etat, et fixé au minimum la durée de la contrainte par corps, par application

138 3257 3219 158 des articles 379. 401. 463 du Code pénal, 267. 139 du Code de Justice militaire, 9

163 3369 3251 179 de la Loi du 22 Juillet 1867. Les articles visés, ont été lus publiquement par le

158 3492 2452 169 Président, et ceux relatifs à la pénalité sont ainsi conçus:

168 3620 3328 158 art 401. C. pénal_ Les autres vols non spécifiés dans la présente section, les larcins et les filouteries, ainsi

168 3758 3328 143 que les tentatives de ces mêmes délits sont punis d'un an au moins et de cinq ans au plus, et pourront

174 3855 3245 164 même l'être d'une amende qui sera de 16 francs au moins et de 500 francs au plus ----

158 3983 3327 163 art 463. C. pénal. - Dans tons les cas où la peine de l'emprisonnement et celle de l'amende sont prononcées

168 4095 3348 169 part le Code pénal, si les circonstances paraissent atténuantes, les Tribunaux correctionnels sont autorisés

158 4218 3332 184 même en cas de récidive a réduire l'emprisonnement même au-dessous de six jours, & l'amende même

174 4382 788 138 au dessous de 16 francs.

174 4479 3173 158 Art 267. C. Justice militaire. Les Tribunaux militaires appliquent les peines portées par les lois

174 4607 3219 163 pénales ordinaires à tous les crimes et délits non prévus par le présent Code, & dans ce cas, s'il

174 4719 3163 189 existe des circonstances attenuantes, il est fait application aux militaires de l'article 463 du

194 4908 358 138 Code penal.

163 4949 3343 230 Art 9 loi du 22 Juillet 1867. La contraint par Corps est réglée ainsi qu'il suit: deux jours à vingt

179 5108 3143 204 jours, lorsque l'amende & les autres condamnations n'excèdent pas Cinquante francs

209 5599 3020 97 (1) Avoir soin de spécifier, s'il y a lieu, après t'indication de la peine infligée, la décision motivée du Conseil relative à ma non-imputation pour tout ou

158 5650 1331 122 partie de la détention préventive sur la durée de la peine prononcée.
