4269 6136
102 178 3168 179 une ceinture et autres objets au préjudice au chef d'Escadron commandant le 10^e groupe du 115^e régiment

107 286 445 143 d'artillerie lourde?

127 383 3087 174 5^e Question _ Est-il coupable d'avoir, le 13 Juin 1917, à Noisy le sec, commis une rébellion envers la force

102 485 210 123 armée?

117 552 3066 168 6^e question _ Est-il coupable d'avoir, le 13 Juin 1917, à Noisy le sec, outragé par paroles, gestes et menaces

107 674 2733 128 son supérieur, le capitaine Dehau, commissaire militaire adjoint à la gare de Noisy le sec?

107 777 1858 168 7^e Question _ Ces outrages ont-ils en lieux pendant le service?

194 1298 2984 149 Les voix recueillies séparément, conformément à l'article 131 du Code de justice militaire, ou commençant par le grade inférieur

138 1395 1991 139 le Président ayant émis son opinion le dernier, le Conseil de guerre permanent déclare

102 1508 1827 158 sur la 1^ere question_ A l'unanimité, l'accusé est coupable

92 1661 1238 128 sur la 2^e question. A l'unanimité, oui.

102 1769 1817 148 Sur la 3^e Question. A l'unanimité, l'accusé est coupable

112 1891 1740 164 Sur la 4^e Question _ A l'unanimité, l'accusé est coupable

102 2035 1720 148 Sur la 5^e Question - a l'unanimité, l'accusé est coupable

117 2168 1715 138 sur la 6^e Question - a l'unanimité, l'accusé est coupable

117 2316 1178 128 Sur la 7^e Question - A l'unanimité, oui

214 2393 2447 173 a la majorité, il existe des circonstances atténuantes pour les faits de vols militaires

214 2541 2995 163 Sur quoi, et attendu les conclusions prises par le Commissaire du Gouvernement dans ses réquisitions, le Président a lu le texte

153 2653 3051 123 de la loi, recueilli de nouveau les voix dans la forme prescrite par les articles 131 et 134 du Code de militaire pour l'appli-

158 2745 425 108 cation de la peine.

214 2776 2498 143 Le Conseil est rentré en séance publique, le Président a lu les motifs que précèdent et le dispositif ci-dessous.

214 2853 3051 153 En conséquence, le Conseil (2) attendu que le détenu Pavot, susqualifié, a été condamne le 10 février 1917 par le Conseil de

127 2981 3067 148 guerre de la 22^e Division d'Infanterie à la peine de deux ans de travaux publics pour désertions à l'intérieur en temps de guerre

122 3083 3153 138 jugement devenu définitif ainsi que l'établit le bulletin N^o 2 annexé au dossier de la procédure; attendu, dès lors,

117 3180 3153 133 qu'il est constant que l'accusé a déserté antérieurement, le condamne, à l'unanimité, à la peine de

138 3272 3056 138 cinq ans de travaux publics, aux frais envers l'Etat et fixe au minimum la

138 3390 3127 127 durée de la contrainte par corps, par application des articles 231, 236, 234, 248, 225, 224, 135, 139 du

138 3456 3056 164 code de justice militaire 1^er de la loi du 19 Juillet 1901, 463 du code pénal et 9 de la loi du

138 3569 3061 158 22 Juillet 1867 dont le président a publiquement donné lecture. Ceux dont la pénalité à été

133 3671 967 153 appliquée sont ainsi conçus:

179 3794 3091 102 C.J.M. Art. 232: «Tout sous-officier, caporal, brigadier ou soldat coupable de désertion à l'intérieur

133 3870 3117 143 en temps de paix est puni... et de deux ans à cinq ans de travaux publics si la désertion a eu lieu

127 3978 3108 122 en temps de guerre. La peine ne peut être moindre de trois ans d'emprisonnement ou de travaux publics

143 4085 3081 133 dans les circonstances suivantes: 1^o - si le coupable a emporté une de ses armes, un objet d'équipement ou

138 4187 1464 159 d'habillement... 3^o s'il a déserté antérieurement.

133 4284 3045 169 Art: 248 - Le vol des armes et des munitions appartenant à l'Etat, celui de l'argent de l'ordinaire ... des

143 4397 2989 174 deniers ou effets quelconques appartenant à des militaires ou à l'Etat commis par des militaires qui en sont

143 4530 2416 118 comptables... si le coupable n'en est pas comptable, la peine est celle de la réclusion

127 4617 3005 153 Loi du 19 Juillet 1901 - Art. 1^er - « Tous les tribunaux militaires ... pourront admettre des circonstances

122 4729 3041 133 atténuantes ... si la peine prononcée par la loi est une de celles énumérées aux articles 7. 8 et 9 du code

117 4832 2114 133 pénal, elle sera modifiée ainsi qu'il est spécifié à l'article 463 du dit code

122 4919 3087 158 C.P. Art.463 - « si la peine est celte de le réclusion .... le cour appliquera les dispositions de l'art. 101

117 5021 2309 138 sans toutefois pouvoir réduire la durée de l'emprisonnement au-dessous d'un an

117 5103 3036 179 Loi du 22 Juillet 1867- art 9. « La durée de le contrainte par corps et réglée ainsi qu'il suit:

127 5220 3154 159 De deux jours à vingt jours, lorsque l'amende et les autres condamnations n'excèdent pas 50 francs ...»

220 5558 3004 107 (1) Avoir soin de spécifier, s'il y a lieu, après t'indication de la peine infligée, la décision motivée du Conseil relative à ma non-imputation pour tout ou

179 5624 1325 138 partie de la détention préventive sur la durée de la peine prononcée.
