3261 6191
371 185 2791 150 Enjoint au Commissaire du Gouvernement de faire donner immédiatement en sa présence lecture du présent jugement au

371 306 1465 99 condamné devant la garde rassemblée sous les armes

319 325 2926 175 de avertir que la loi accorde un délai de trois jours francs pour se pourvoir en cassation (1), ou de vingt-quatre heures

314 454 728 144 pour se pourvoir en revision (2)

368 574 2562 158 Fait clos et jugé sans désemparer, en séance publique, à Morisel, les jour, mois et an que dessus.

376 748 2878 129 En conséquence, LE PRÉSIDENT DE LA RÉPUBLIQUE MANDE et ORDONNE à tous huissiers sur ce requis de mettre ledit jugement

304 825 2957 124 exécution; aux Procureurs généraux et aux Procureurs de la République près les tribunaux de première instance d'y tenir la

313 908 2703 110 main; à tous commandants et officiers de la force publique de prêter main-forte lorsqu'ils en seront légalement requis.

381 1031 2102 131 En foi de quoi le présent jugement a été signé par les Membres du Conseil et par le Greffier.

1821 1140 377 206 +

2827 1233 372 175 +

2027 1160 480 423 +

572 1233 516 417 +

1124 1140 723 567 +

2739 1496 496 340 +

364 1791 2841 121 L'an mil neuf cent dix sept le quatre Janvier le présent jugement a été lu par nous, Greffier soussigné, au condamné

1403 1857 1827 129 averti par le Commissaire du Gouvernement que l'article 44 de la loi du 17 avril

304 1929 2737 114 1906 accorde trois jours pour se pourvoir en cassation (1), ou que les articles 141 et 143 du Code de justice militaire

294 2039 2881 83 accordent vingt quatre heures pour se pourvoir en revision (2), lesquels commencent à courir de l'expiration du présent jour.

3177 2064 75 71 Cette

294 2084 2946 118 lecture faite en présence de la garde rassemblée sous les armes. Le Commissaire du Gouvernement a, en outre, donné

309 2156 2309 83 connaissance au condamne de l'article 3 de la loi du 26 mars 1891

997 2228 760 93 Le Commissaire du Gouvernement,

423 2368 1341 268 +

2476 2223 259 134 Le Greffer,

2605 2223 630 403 +

1506 2693 643 129 EXÉCUTOIRE.

347 2988 2470 152 Vu la procédure instruite contre le soldat Dauzonne Pierre

292 3095 887 124 et les frais d'icelle dont le détail suit:

550 3226 2184 110 1^o Coût du transport des pièces et objets pouvant servie à conviction ou à décharge................. ......

540 3308 2194 97 2^o Honoraires des officiers de santé, médecins, chirurgiens civils, sages-femmes, experts, interprètes, traducteurs et

632 3374 2092 96 autres, appelés en justice.................................................................

540 3418 2180 110 3^o Indemnités accordées aux témoins civils et militaires..............................................

543 3494 2177 96 4^o Frais de garde de scellés et ceux de mise en fourrière.............................................

550 3549 2170 103 5^o Indemnités de route, de transport et de séjour, accordées aux membres des tribunaux militaires pour les dépla-

626 3611 2108 113 cements auxquels l'instruction des procédures peut donner lieu, ainsi que toutes autres dépenses nécessitées

629 3669 2095 110 de ce chef..............................................................................

553 3735 2174 110 6^o Port des lettres et paquets pour l'instruction, sauf le port des lettres résultant de l'application de la loi du

581 3797 2143 110 15 juin 1899............................................................................

550 3862 2167 107 7^o Frais l'impression des arrêts, jugements et ordonnances de justice, quand il y a lieu..................

540 3924 2170 107 8^o Prime de capture des contumax, des déserteurs et des insoumis......................................

531 3972 2394 134 9^o Frais résultant de l'obtention des extraits du casier judiciaire......................................... 0,25

526 4044 2188 114 10^o Prix du bulletin n^o 1 et du duplicata dudit (décret du 12 décembre 1899, art. 13).....................

519 4103 2201 113 11^o Coût des bulletins n^o 1 et du duplicata de ces bulletins établis par les greffiers des conseils de guerre au sujet

660 4158 2250 118 des condamnations prononcées par ces conseils (décret du 12 décembre 1899, art. 13).................... 0,40

526 4216 2370 131 12^o Frais de procédure ou coût du jugement........................................................ 12^f 00

522 4292 2195 117 13^o Amende.........................................................................................

515 4347 2205 131 14^o Décimes additionnels (en France)...............................................................

522 4405 2192 128 15^o Frais fixes de procédure devant la Cour de cassation ou le Conseil de revision...........................

526 4471 2222 144 16^o Frais fixes de procédure devant le Conseil de guerre jugeant en 2^e instance.............................

1334 4588 1603 137 TOTAL.................................................. 12^f 65

340 4715 2884 201 Vu le dispositif du jugement définitif, l'article 139 du Code de justice militaire, le Président du - Conseil de guerre

285 4835 2855 134 permanent de la 10^e Armé́e liquide les frais dont l'état est ci-dessus à la somme de Douze francs

275 4911 708 100 soixante cinq centimes

1387 4921 1832 155 du montant de laquelle il délivre le présent exécutoire, pour le recouvrement de

278 4983 2890 150 ladite somme être poursuivi sur les biens présents et à venir du condamné, par les percepteurs des Contributions directes.

340 5055 2879 160 En conséquence, LE PRÉSIDENT DE LA RÉPUBLIQUE MANDE ET ORDONNE à tous huissiers sur ce requis de mettre ledit jugement à

294 5112 2930 170 exécution; aux Procureurs généraux et aux Procureurs de la République près les tribunaux de première instance d'y tenir la

285 5210 2718 152 main; à tous commandants et officiers de la force publique de prêter main-forte lorsqu'ils en seront légalement requis.

319 5282 2426 186 Fait en la Chambre du Conseil de guerre susdit, à Morisel (Somme), le 4 Janvier 1917

288 5351 1056 134 peine comptant du 28 8^bre 1916

345 5582 784 87 (1) En France, en Algérie et en Tunisie

350 5628 614 98 (2) Aux colonies et aux armées

2239 5479 294 108 Le Président,

2636 5546 573 252 +
