4144 6191
990 98 3102 190 Enjoint au Commissaire du Gouvernement de faire donner immédiatement en sa présence lecture du présent jugement a l'acquitté

1522 227 986 118 devant la garde rassemblée sous les armes,

954 283 3030 145 de avertir que la loi accorde un délai de trois jours francs pour se pourvoir en cassation (1), ou de vingt-quatre heures

934 366 743 139 pour se pourvoir en revision (2).

1001 515 2554 160 Fait, clos et jugé sans désemparer, en séance publique, à Morisel (somme), les jour, mois et an que dessus.

1001 675 2993 134 En conséquence, LE PRÉSIDENT DE LA RÉPUBLIQUE MANDE et ORDONNE à tous huissiers sur ce requis de mettre ledit jugement à

918 768 3081 124 exécution; aux Procureurs généraux et aux Procureurs de la République près les tribunaux de première instance d'y tenir la

923 840 2772 129 main; à tous commandants et officiers de la force publique de prêter main-forte lorsqu'ils en seront légalement requis.

990 969 2152 140 En foi de quoi le présent jugement a été signé par les Membres du Conseil et par le Greffier.

3447 1124 557 196 +

2317 1093 562 274 +

1543 1093 758 588 +

2492 1233 588 386 ++

3328 1392 640 372 +

1001 1754 2915 123 L'an mil neuf cent dit sept le quatre Janvier le présent jugement a été lu par nous, Greffier soussigné, a l'acquitté

2038 1816 1959 129 averti par le Commissaire du Gouvernement que l'article 44 de la loi du 17 avril

934 1867 2740 139 1906 accorde trois jours pour se pourvoir en cassation (1), eu que les articles 141 et 143 du Code de justice militaire

923 1945 2930 165 accordent vingt-quatre heures pour se pourvoir en revision (2), lesquels commencent à courir de l'expiration du présent jour.

3855 1955 118 196 Cette

913 2057 1466 109 lecture faite en présence de la garde rassemblée sous les armes.

1578 2141 795 139 Le Commissaire du Gouvernement,

1269 2280 1491 278 +

3127 2120 271 211 Le Greffier,

3163 2141 774 505 +

2121 2672 655 144 EXÉCUTOIRE.

954 2914 841 176 Vu la procédure instruite contre le

892 3038 919 150 et les frais d'icelle dont le détail suit:

1161 3141 2224 176 1^o Coût du transport des pièces et objets pouvant servie à conviction ou à décharge................. ......

1150 3245 2245 144 2^o Honoraires des officiers de santé, médecins, chirurgiens civils, sages-femmes, experts, interprètes, traducteurs et

1243 3317 2152 124 autres, appelés en justice.................................................................

1150 3368 2235 135 3^o Indemnités accordées aux témoins civils et militaires..............................................

1150 3436 2230 134 4^o Frais de garde de scellés et ceux de mise en fourrière.............................................

1145 3497 2235 124 5^o Indemnités de route, de transport et de séjour, accordées aux membres des tribunaux militaires pour les dépla-

1233 3564 2162 124 cements auxquels l'instruction des procédures peut donner lieu, ainsi que toutes autres dépenses nécessitées

1254 3632 2131 129 de ce chef..............................................................................

1150 3678 2235 150 6^o Port des lettres et paquets pour l'instruction, sauf le port des lettres résultant de l'application de la loi du

1233 3761 2147 123 15 juin 1899............................................................................

1155 3807 2225 144 7^o Frais l'impression des arrêts, jugements et ordonnances de justice, quand il y a lieu..................

1140 3869 2235 144 8^o Prime de capture des contumax, des déserteurs et des insoumis......................................

1140 3936 2235 129 9^o Frais résultant de l'obtention des extraits du casier judiciaire.........................................

1114 3988 2255 149 10^o Prix du bulletin n^o 1 et du duplicata dudit (décret du 12 décembre 1899, art. 13).....................

1125 4065 2250 129 11^o Coût des bulletins n^o 1 et du duplicata de ces bulletins établis par les greffiers des conseils de guerre au sujet

1259 4122 2100 149 des condamnations prononcées par ces conseils (décret du 12 décembre 1899, art. 13)....................

1119 4184 2426 149 12^o Frais de procédure ou coût du jugement........................................................ 12^f 00

1119 4251 2256 134 13^o Amende.........................................................................................

1119 4313 2256 129 14^o Décimes additionnels (en France)...............................................................

1114 4374 2255 145 15^o Frais fixes de procédure devant la Cour de cassation ou le Conseil de revision...........................

1119 4442 2250 159 16^o Frais fixes de procédure devant le Conseil de guerre jugeant en 2^e instance.............................

1930 4565 1455 171 TOTAL..................................................

949 4689 3004 207 Vu le dispositif du jugement définitif, l'article 139 du Code de justice militaire, le Président du Conseil de guerre

892 4818 2250 139 permanent de la liquide les frais dont l'état est ci-dessus à la somme de

2038 4896 1909 149 du montant de laquelle il délivre le présent exécutoire, pour le recouvrement de

892 4947 2963 170 ladite somme être poursuivi sur les biens présents et à venir d condamné, par les percepteurs des Contributions directes.

949 5045 3004 139 En conséquence, LE PRÉSDENT DE LA RÉPUBLIQUE MANDE ET ORDONNE à tous huissiers sur ce requis de mettre ledit jugement à

897 5112 3056 227 exécution; aux Procureurs généraux et aux Procureurs de la République près les tribunaux de première instance d'y tenir la

892 5184 2761 176 main; à tous commandants et officiers de la force publique de prêter main-forte lorsqu'ils en seront légalement requis.

949 5257 1192 139 Fait en la Chambre du Conseil de guerre susdit, à

2779 5316 95 78 , le

939 5566 825 78 (1) En France, en Algérie et en Tunisie.

944 5608 640 103 (2) Aux colonies et aux armées.

2874 5437 315 124 Le Président,

3117 5530 645 196 +

1057 1135 501 392 +

1140 5344 289 150 17 x^bre 16
