4111 6191
790 232 2897 170 Enjoint au Commissaire du Gouvernement de faire donner immédiatement en sa présence lecture du présent jugement au

767 347 430 82 condamné

1269 374 1039 93 devant la garde rassemblée sous les armes,

743 402 3073 139 de avertir que la loi accorde un délai de trois jours francs pour se pourvoir en cassation (1), ou de vingt-quatre heures

732 515 750 100 pour se pourvoir en revision (2).

791 660 2604 110 FAIT, clos et jugé sans désemparer, en séance publique, à Morisel (Somme), les jour, mois et an que dessus.

791 818 3024 103 En conséquence, LE PRÉSIDENT DE LA RÉPUBLIQUE MANDE et ORDONNE à tous huissiers sur ce requis de mettre ledit jugement à

732 897 3079 103 exécution; aux Procureurs généraux et aux Procureurs de la République près les tribunaux de première instance d'y tenir la

736 976 2759 93 main; à tous commandants et officiers de la force publique de prêter main-forte lorsqu'ils en seront légalement requis.

794 1097 2167 120 En foi de quoi le présent jugement a été signé par les Membres du Conseil et par le Greffier.

2293 1212 454 253 +

3377 1243 522 201 +

893 1336 511 309 +

2432 1310 475 387 +

1533 1212 775 609 +

3274 1496 728 392 +

785 1862 2959 103 L'an mil neuf cent dix sept le quatre Janvier le présent jugement a été lu par nous, Greffier soussigné, au condamné

1847 1922 1957 110 averti par le Commissaire du Gouvernement que l'article 44 de la loi du 17 avril

715 2012 2797 82 1906 accorde trois jours pour se pourvoir en cassation (1), ou que les articles 141 et 143 du Code de justice militaire

729 2080 2900 90 accordent vingt-quatre heures pour se pourvoir en revision (2), lesquels commencent à courir de l'expiration du présent jour

3697 2037 98 155 Cette

725 2139 3035 106 lecture faite en présence de la garde rassemblée sous les armes, Le Commissaire du Gouvernement a en outre

739 2211 2539 96 donné connaissance au condamné de l'article 3 de la loi du 26 mars 1891.

1431 2294 760 82 Le Commissaire du Gouvernement,

888 2419 1446 315 +

2934 2287 227 96 Le Greffier,

2954 2280 878 438 +

1941 2744 620 150 EXÉCUTOIRE

780 3033 3045 210 Vu la procédure instruite contre le soldat Tremblot Emile Gabriel Gustave Georges

729 3160 898 107 et les frais d'icelle dont le détail suit:

980 3277 2219 110 1^o Coût du transport des pièces et objets pouvant servie à conviction ou à décharge................. ......

970 3363 2232 90 2^o Honoraires des officiers de santé, médecins, chirurgiens civils, sages-femmes, experts, interprètes, traducteurs et

1066 3425 2129 90 autres, appelés en justice.................................................................

973 3473 2219 104 3^o Indemnités accordées aux témoins civils et militaires..............................................

973 3542 2222 93 4^o Frais de garde de scellés et ceux de mise en fourrière.............................................

973 3607 2219 90 5^o Indemnités de route, de transport et de séjour, accordées aux membres des tribunaux militaires pour les dépla-

1063 3666 2139 96 cements auxquels l'instruction des procédures peut donner lieu, ainsi que toutes autres dépenses nécessitées

1069 3728 2123 93 de ce chef..............................................................................

977 3793 2222 90 6^o Port des lettres et paquets pour l'instruction, sauf le port des lettres résultant de l'application de la loi du

1066 3852 2126 93 15 juin 1899............................................................................

980 3907 2215 110 7^o Frais l'impression des arrêts, jugements et ordonnances de justice, quand il y a lieu..................

973 3972 2216 100 8^o Prime de capture des contumax, des déserteurs et des insoumis......................................

973 4037 2422 97 9^o Frais résultant de l'obtention des extraits du casier judiciaire......................................... 0, 25

956 4106 2236 93 10^o Prix du bulletin n^o 1 et du duplicata dudit (décret du 12 décembre 1899, art. 13).....................

963 4165 2232 93 11^o Coût des bulletins n^o 1 et du duplicata de ces bulletins établis par les greffiers des conseils de guerre au sujet

1093 4220 2302 96 des condamnations prononcées par ces conseils (décret du 12 décembre 1899, art. 13).................... 0, 40

952 4288 2429 104 12^o Frais de procédure ou coût du jugement........................................................ 12^f 00

952 4347 2240 96 13^o Amende.........................................................................................

952 4412 2243 97 14^o Décimes additionnels (en France)...............................................................

952 4467 2230 97 15^o Frais fixes de procédure devant la Cour de cassation ou le Conseil de revision...........................

952 4536 2247 103 16^o Frais fixes de procédure devant le Conseil de guerre jugeant en 2^e instance.............................

1768 4632 1644 131 TOTAL.................................................. 12^f 65

780 4808 3072 137 Vu le dispositif du jugement définitif, l'article 139 du Code de justice militaire, le Président du Conseil de guerre

723 4885 3145 134 permanent de la 10^e Armée liquide les frais dont l'état est ci-dessus à la somme de Douze francs soixante

729 4983 495 90 cinq centimes

1709 4990 2102 100 - du montant de laquelle il délivre le présent exécutoire, pour le recouvrement de

718 5049 3000 99 ladite somme être poursuivi sur les biens présents et à venir du condamné, par les percepteurs des Contributions directes.

777 5124 3034 97 En conséquence, LE PRÉSIDENT DE LA RÉPUBLIQUE MANDE ET ORDONNE a tous huissiers sur ce requis de mettre ledit jugement à

725 5210 3079 93 execution; aux Procureurs généraux et aux Procureurs de la République près les tribunaux de première instance d'y tenir la

722 5276 2773 99 main; à tous commandants et officiers de la force publique de prêter main-forte lorsqu'ils en seront légalement requis.

767 5358 1630 86 Fait en la Chambre du Conseil de guerre susdit, à Morisel

2562 5362 843 137 , le 4 Janvier 1917

739 5417 1170 117 Peine comptant du 16 octobre 1916

774 5630 821 96 (1) En France, en Algérie et en Tunisie.

774 5685 651 129 (2) Aux colonies et aux armé́es.

2716 5499 289 119 Le Président

2990 5571 496 310 +
