4415 6118
1245 249 2884 133 Enjoint au Commissaire du Gouvernement de faire donner immédiatement en sa présence lecture du présent jugement au

1199 316 3032 137 condamné devant la garde rassemblée sous les armes, et de lui donner l'avertissement prévu par

1199 402 3057 128 de avertir que la loi accorde un délai de trois jours francs pour se pourvoir en cassation (1), ou de vingt-quatre heures

1214 484 705 143 pour se pouvoir en revision (2)

1949 479 1215 137 + article 3 et la Loi du 26 Mars 1891.

1250 576 2578 219 Fait, clos et jugé sans désemparer, en séance publique, à Crugny, les jour, mois et an que dessus.

1260 744 2991 168 En conséquence, LE PRÉSIDENT DE LA RÉPUBLIQUE MANDE et ORDONNE à tous huissiers sur ce requis de mettre ledit jugement à

1189 851 3067 138 exécution; aux Procureurs généraux et aux Procureurs de la République près les tribunaux de première instance d'y tenir la

1189 938 2751 132 main; à tous commandants et officiers de la force publique de prêter main-forte lorsqu'ils en seront légalement requis.

1250 1034 2139 169 En foi de quoi le présent jugement a été signé par les Membres du Conseil et par le Greffier.

1597.0 1249.0 505.0 443.0 +

2858.0 1167.0 862.0 403.0 +

3771.0 1315.0 582.0 326.0 +

2087.0 1182.0 562.0 525.0 +

969.0 1167.0 689.0 622.0 +

3669.0 1539.0 597.0 260.0 +

1250 1830 2981 112 L'an mil neuf cent dix sept-onze Juillet le présent jugement a été lu par nous, Greffier soussigné, au condamné

2296 1891 1940 117 averti par le Commissaire du Gouvernement que l'article 44 de la loi du 17 avril

1194 1952 2776 133 1906 accorde trois jours pour se pourvoir en cassation (1), ou que les articles 141 et 143 du Code de justice militaire

1194 2049 2919 107 accordent vingt-quatre heures pour se pourvoir en revision (2), lesquels commencent à courir de l'expiration du présent jour.

4144 2013 112 138 Cette

1189 2115 3037 112 lecture faite en présence de la garde rassemblée sous les armes. Le commissaire du Gouvernement a en outre

1190 2207 2913 102 donné au condamné l'avertissement prévu par l'article 3 de la Loi du 26 Mars 1891.

1857 2263 792 97 Le Commissaire du Gouvernement.

1362.0 2452.0 1271.0 290.0 +

3389 2263 250 107 Le Greffier,

3409.0 2386.0 541.0 214.0 +

2388 2727 659 153 EXÉCUTOIRE.

1245 2982 2307 189 Vu la procédure instruite contre le conducteur Moreau- Joseph Louis

1173 3140 909 133 et les frais d'icelle dont le détail suit:

1434 3242 2230 138 1^o Coût du transport des pièces et objets pouvant servie à conviction ou à décharge................. ......

1418 3334 2241 107 2^o Honoraires des officiers de santé, médecins, chirurgiens civils, sages-femmes, experts, interprètes, traducteurs et

1521 3400 2143 97 autres, appelés en justice.................................................................

1429 3441 2240 117 3^o Indemnités accordées aux témoins civils et militaires..............................................

1418 3517 2236 107 4^o Frais de garde de scellés et ceux de mise en fourrière.............................................

1424 3589 2230 86 5^o Indemnités de route, de transport et de séjour, accordées aux membres des tribunaux militaires pour les dépla-

1531 3640 2138 117 cements auxquels l'instruction des procédures peut donner lieu, ainsi que toutes autres dépenses nécessitées

1526 3716 2128 87 de ce chef..............................................................................

1439 3762 2230 117 6^o Port des lettres et paquets pour l'instruction, sauf le port des lettres résultant de l'application de la loi du

1536 3839 2128 96 15 juin 1899............................................................................

1439 3879 2225 118 7^o Frais l'impression des arrêts, jugements et ordonnances de justice, quand il y a lieu..................

1434 3956 2230 112 8^o Prime de capture des contumax, des déserteurs et des insoumis......................................

1424 4012 2495 112 9^o Frais résultant de l'obtention des extraits du casier judiciaire......................................... 0.25

1418 4078 2236 107 10^o Prix du bulletin n^o 1 et du duplicata dudit (décret du 12 décembre 1899, art. 13).....................

1408 4134 2261 123 11^o Coût des bulletins n^o 1 et du duplicata de ces bulletins établis par les greffiers des conseils de guerre au sujet

1546 4195 2353 107 des condamnations prononcées par ces conseils (décret du 12 décembre 1899, art. 13).................... 0.40

1408 4262 2435 117 12^o Frais de procédure ou coût du jugement........................................................ 12^f 00

1413 4343 2384 97 13^o Amende......................................................................................... 200

1408 4389 2363 112 14^o Décimes additionnels (en France)............................................................... 50

1408 4455 2266 97 15^o Frais fixes de procédure devant la Cour de cassation ou le Conseil de revision...........................

1413 4512 2246 132 16^o Frais fixes de procédure devant le Conseil de guerre jugeant en 2^e instance.............................

2220 4598 1679 179 TOTAL.................................................. 262^f 65

1240 4766 3021 158 Vu le dispositif du jugement définitif, l'article 139 du Code de justice militaire, le Président du Conseil de guerre

1179 4899 3118 117 permanent de la Q. G. de la 10^e armée liquide les frais dont l'état est ci-dessous à la somme de deux cent soixante deux francs

1173 4960 3088 133 soixante cinq centimes du montant de laquelle il délivre le présent exécutoire, pour le recouvrement de

1179 5032 2975 117 ladite sommme être poursuivi sur les biens présents et à venir du condamné, par les percepteurs des Contributions directes.

1245 5108 3011 127 En conséquence, LE PRÉSIDENT DE LA RÉPUBLIQUE MANDE ET ORDONNE a tous huissiers sur ce requis de mettre ledit jugement à

1179 5190 3072 112 exécution; aux Procureurs généraux et aux Procureurs de la République près les tribunaux de première instance d'y tenir la

1184 5266 2766 122 main; à tous commandants et officiers de la force publique de prêter main-forte lorsqu'ils en seront légalement requis.

1235 5337 1531 153 Fait en la Chambre du Conseil de guerre susdit, à Crugny

3067 5353 745 132 , le onze Juillet 1917

1240 5638 806 82 (1) En France, en Algérie et en Tunisie.

1235 5684 622 128 (2) Aux colonies et aux armées.

3169 5501 296 117 Le Président,

3817 5506 526 301 +
