3309 6191
397 170 2875 170 La séance ayant été ouverte, le Président a fait apporter et déposer devant lui, sur le bureau, un exemplaire du Code du justice

351 294 2870 123 militaire, du Code d'instruction criminelle et du code pénal ordinaire, et ordonné à la garde d'amener l'accusé, qui a

340 371 2896 134 été introduit, libre et sans fers, devant le Conseil, accompagné de son défenseur d'office M. Foutanges

364 447 1675 137 officier d'Administration du service de santé

416 834 2747 132 Interrogé de déclarer ses nom, prénoms, âge, lieu de naissance, état profession et domicile il

459 918 2829 124 a répondu se nommer Gibernon Marius Barthélemy, vingt cinq ans, né à Lyon

428 985 2834 124 (3^e) (Rhône) profession d'artiste musicien, célibataire, domicilié avant

433 1066 2871 130 d'entrer au service à Cabourg, arrondissement de Caen (Calvados, actuellement)

447 1138 1998 172 soldat au 25^e Régiment d'Infanterie Territoriale.

376 1785 2881 160 Le Président, après avoir fait lire par le greffier l'ordre de convocation, le rapport prescrit par l'article 108 du Code de justice

326 1912 2855 103 militaire, et les pièces dont la lecture lui a paru nécessaire, a fait connaître a l'accusé les faits à raison desquels il est

326 2001 2566 93 poursuivi, et lui a donné, ainsi qu'au défenseur, l'avertissement indiqué en l'article 121 dudit Code;

392 2053 1249 119 Après quoi, il a procédé à l'interrogatoire de l'accusé

1708 2053 1564 119 et a fait entendre publiquement et séparément les témoins à charge (1)

877 2135 2426 114 ; lesdits témoins ayant au préalable prêté serment de parler sans haine et sans crainte, jure de dire toute la

340 2197 594 140 vérité et rien que la vérité;

388 2459 2904 130 Et le Président ayant, en outre, rempli à leur égard les formalités proscrites par las articles 317 et 319 du Code d'instruction

330 2538 243 124 criminelle;

382 2620 72 124 (2)

378 3143 2930 131 Ouï M. le Commissaire du Gouvernement en ses réquisitions tendant à ce que (3) le dit Gibernon susqualifié

387 3234 2891 129 soit déclaré coupable des faits relevés contre lui dans l'ordre de mise en jugement

399 3336 2851 144 et qu'il lui soit fait application des articles 218 du Code de Justice militaire

309 3707 2934 121 et l'accusé dans ses moyens de défense, tant par lui que par son défenseur, lesquels ont

309 3791 2917 140 déclaré n'avoir rien à ajouter à leurs moyens de défense, et ont eu la parole les derniers, le Président a déclaré les débats terminés,

313 3879 1496 100 et il a ordonné au défenseur et à l'accusé de se retirer.

364 4120 2879 131 L'accusé a été reconduit par l'escorte à la prison; le Commissaire du Gouvernement, le Greffier et les assistants dans

313 4203 1324 92 l'auditoire se sont retirés sur l'invitation du Président (4);

371 4271 2879 138 Le Conseil délibérant à huis clos, le Président a posé la question +, conformément à l'article 132 du Code de justice

309 4344 2968 137 militaire, ainsi qu'il suit: 1^ere Question. - Le soldat Gibernon (Marius Joseph Barthélemy)

309 4416 2982 113 au 25^e régiment territorial d'infanterie est-il coupable d'avoir le 7 octobre 1916,

309 4498 2963 155 à Amiens, refusé d'obéir à un ordre relatif au service à lui donné par son chef, le

304 4586 2590 132 sous- lieutenant Maudinas, du dépôt d'éclopés N^o 2 à Amiens?

593 4694 2716 186 2^e Question.- Le dit refus d'obéissance a-t-il eu lieu sur un territoire en

326 4794 548 155 état de guerre?

361 5117 602 55 (1) Et à décharge (s'il y en a).

356 5133 2885 155 (2) Indiquer si des témoins ont été entendus sans prestation de serment, et pour quel motif ; dire que les pièces de conviction, s'il y en a, ont été représentées.

314 5200 2938 150 Indiquer, en outre, ses incidents qui ont pu ce produire, en ayant soin de préciser à quel moment du débat ils ont en lieu, ses conclusions des parties, les

314 5272 2933 129 réquisitions du ministère public, les moyens de défense présentés par l'accusé, et enfin le jugement motivé du Conseil. Dans le cas où le blanc laisse ici ne suf-

309 5329 2938 144 firait pas pour insérer toutes ces mentions, on devra indiquer l'incident et le moment du débat il s'est produit, en ajoutant qu'il y a été statué par jugement

320 5396 2937 139 séparé, lequel est joint et annexé au présent, et alors le jugement séparé doit indiquer la publicité de l'audience, se terminer par la même formule et être signé

314 5453 2938 149 de la même manière que le jugement principal, en mentionnant qu'il y sera annexé comme en taisant partie. En cas de suspension d'audience et de remise au

309 5509 1915 145 lendemain, la mention qui constate cette remise est signée par le Président et le Greffier seulement.

351 5582 2617 154 (3) Indiquer si les réquisitions tendent à la déclaration de culpabilité et, dans ce cas, les articles de loi dont l'application est demandée.

356 5638 2219 155 (4) S'il y a une chambre des délibérations, on mettra que le Tribunal s'est retiré dans la chambre des délibérations.

547 5767 1481 109 Conseil de guerre. - N^o 967 de la Nomenclature générale. - Formule n^o 16.
