3261 6191
316 171 2821 135 La séance ayant été ouverte, le Président a fait apporter et déposer devant lui, sur le bureau, un exemplaire du Code du justice

261 257 2518 111 militaire, du Code d'instruction criminelle et du code pénal ordinaire, et ordonné à la garde d'amener l'accusé

2879 283 180 124 , qui a

252 325 2840 159 été introduit, libre et sans fers, devant le Conseil, accompagné de son défenseur d'office M. Foutanges

278 412 1717 155 officier d'Administration du service de santé

0 923 211 175 soldat

309 804 2563 124 Interrogé de déclarer ses nom, prénoms, âge, lieu de naissance, état profession et domicile il

368 890 2703 114 a répondu se nommer Dauzonne Pierre, vingt, neuf ans, né à Cassaniouze

319 964 2859 129 arrondissement d'Aurillac (Cantal) Marié, un enfant, profession de cultivateur

314 1036 2905 145 domicilié avent d'entrer au service à Junhac, arrondissement d'Aurillac (Cantal)

330 1128 2212 144 actuellement Caporal au 52^e Bataillon de chasseurs à pied

295 1774 2842 148 Le Président, après avoir fait lire par le greffier l'ordre de convocation, le rapport prescrit par l'article 108 du Code de justice

251 1877 2738 107 militaire, et les pièces dont la lecture lui a paru nécessaire, a fait connaître a l'accusé les faits à raison desquels il est

240 1950 2474 110 poursuivi, et lui a donné, ainsi qu'au défenseur, l'avertissement indiqué en l'article 121 dudit Code;

306 2022 1300 89 Après quoi, il a procédé à l'interrogatoire de l'accusé

1616 2022 1505 134 et a fait entendre publiquement et séparément les témoins à charge (1)

794 2094 2317 145 ; lesdits témoins ayant au préalable prêté serment de parler sans haine et sans crainte, jure de dire toute

229 2166 665 93 vérité et rien que la vérité;

299 2373 2791 211 Et le Président ayant, en outre, rempli à leur égard les formalités proscrites par las articles 317 et 319 du Code d'instruction

226 2507 302 82 criminelle;

299 2558 62 145 (2)

285 3098 2888 152 Ouï M. le Commissaire du Gouvernement en ses réquisitions tendant à ce que (3) le dit Dauzonne susqualifié

288 3198 2944 138 soit déclare coupable des faits relevés contre lui dans l'ordre de mise en jugement et qu'il

261 3294 2956 169 lui soit fait application des articles 231, 232, 234, 219, 135 du Code de Justice militaire

211 3647 2895 155 et l'accusé dans ses moyens de défense, tant par lui que par son défenseur, lesquels ont

211 3745 2911 150 déclaré n'avoir rien à ajouter à leurs moyens de défense, et ont eu la parole les derniers, le Président  déclaré les débats terminés,

216 3821 1510 110 et il a ordonné au défenseur et a l'accusé de se retirer.

268 4044 2838 176 L'accusé a été reconduit par l'escorte à la prison; le Commissaire du Gouvernement, le Greffier et les assistants

220 4147 1314 104 l'auditoire se sont retirés sur l'invitation du Président (4);

271 4223 2838 138 Le Conseil délibérant à huis clos, le Président a posé les questions, conformément à l'aide 132 du Code de justice

216 4297 2869 150 militaire, ainsi qu'il suit: 1^er Question. - Le soldat Dauzonne (Pierre) du 52^e Bataillon de

227 4364 3019 145 chasseurs à pied est-il coupable d'avoir, le 28 septembre 1916, à Amiens, alors qu'il était Caporal

211 4421 2977 170 forcé une consigne en sortant des locaux où il devait rester, malgré la défense qui lui

227 4498 1825 124 en était faite par la sentinelle placée à la porte?

505 4550 2678 175 2^e Question.- Le fait ci-dessous spécifié a-t-il été commis sur un territoire en

247 4653 586 124 état de guerre?

505 4720 2596 167 3^e Question.- Est-il coupable de désertion à l'intérieur en temps de guerre

278 4828 2936 119 pour, étant caporal, s'être absenté, sans autorisation, de l'annexe de l'hopital 110 d'Amiens

257 4885 2859 155 où il était en traitement, du 7 octobre 1916, pour de l'absence constatée au 10 octobre

288 4968 1533 113 1916, jouir de sa présentation volontaire?

254 5060 626 64 (1) Et à décharge (s'il y en a).

252 5071 2849 160 (2) Indiquer si des témoins ont été entendus sans prestation de serment, et pour quel motif ; dire que les pièces de conviction, s'il y en a, ont été représentées.

216 5143 2909 168 Indiquer, en outre, ses incidents qui ont pu ce produire, en ayant soin de préciser à quel moment du débat ils ont en lieu, ses conclusions des parties, les

206 5221 2922 155 réquisitions du ministère public, les moyens de défense présentés par l'accusé, et enfin le jugement motivé du Conseil. Dans le cas où le blanc laisse ici ne suf-

206 5282 2919 160 firait pas pour insérer toutes ces mentions, on devra indiquer l'incident et le moment du débat il s'est produit, en ajoutant qu'il y a été statué par jugement

206 5344 2920 155 séparé, lequel est joint et annexé au présent, et alors le jugement séparé doit indiquer la publicité de l'audience, se terminer par la même formule et être signé

201 5401 2946 157 de la même manière que le jugement principal, en mentionnant qu'il y sera annexé comme en taisant partie. En cas de suspension d'audience et de remise au

201 5463 1935 119 lendemain, la mention qui constate cette remise est signée par le Président et le Greffier seulement.

263 5525 2528 139 (3) Indiquer si les réquisitions tendent à la déclaration de culpabilité et, dans ce cas, les articles de loi dont l'application est demandée.

254 5599 2253 113 (4) S'il y a une chambre des délibérations, on mettra que le Tribunal s'est retiré dans la chambre des délibérations.

450 5719 1507 90 Conseil de guerre. - N^o 967 de la Nomenclature générale. - Formule n^o 16.
