4111 6191
770 233 3021 145 La séance ayant été ouverte, le Président a fait apporter et déposer devant lui, sur le bureau, un exemplaire du Code de justice

708 319 2983 121 militaire, du Code d'instruction criminelle et du code pénal ordinaire, et ordonné à la garde d'amener l'accusé, qui a

718 395 2993 124 été introduit, libre et sans fers, devant le Conseil, accompagné de son défenseur d'office. M. Fontanges

749 471 1614 134 officier d'Administration du service de santé

759 815 2763 191 Interrogé de déclarer ses nom, prénoms, âge, lieu de naissance, état profession et domicile il

829 952 2962 121 a répondu se nommer Tremblot, Emile Gabriel Gustave Georges, vingt six ans, né à

784 1021 3127 110 Falaise (Calvados) marié, sans enfants, profession de Boulanger, domicilié avant

784 1107 3051 107 d'entrer au service à Caen Rue Capronnier N^o 58 (Calvados) actuellement soldat

780 1179 2949 152 à la 3^e Section de C.O.A., détachement de la boulangerie de campagne N^o 3

749 1833 3031 130 Le Président, après avoir fait lire par le greffier l'ordre de convocation, le rapport prescrit par l'article 108 du Code de justice

691 1926 2886 106 militaire, et les pièces dont la lecture lui a paru nécessaire, a fait connaître a l'accusé les faits à raison desquels il est

691 2001 2618 117 poursuivi, et lui a donné, ainsi qu'au défenseur, l'avertissement indiqué en l'article 121 dudit Code;

753 2084 1338 96 Après quoi, il a procédé à l'interrogatoire de l'accusé

2101 2101 1672 100 et a fait entendre publiquement et séparément les témoins à charge (1)

1272 2166 2519 114 lesdits témoins ayant au préalable prêté serment de parler sans haine et sans crainte, juré de dire toute la

702 2218 609 124 vérité et rien que la vérité;

753 2469 3003 144 Et le Président ayant, en outre, rempli à leur égard les formalités prescrites par les articles 317 et 319 du Code d'instruction

691 2552 266 103 criminelle;

759 2620 57 134 (2)

739 3157 3120 151 Ouï M. le Commissaire du Gouvernement en ses réquisitions tendant à ce que (3) le dit Tremblot susqualifié soit

753 3257 3099 130 déclaré coupable des faits relevés contre lui dans l'ordre de mise en jugement et qu'il

712 3350 2669 137 lui soit fail application des articles 231, 232, 234 du Code de Justice militaire

674 3714 3099 120 et l'accusé dans ses moyens de défense, tant par lui que par son défenseur, lesquels ont

674 3821 3086 110 déclaré n'avoir rien à ajouter à leurs moyens de défense, et ont eu la parole les derniers, le Président a déclaré les débats terminés,

674 3890 1531 103 et il a ordonné au défenseur et a l'accusé de se retirer.

729 4127 3031 131 L'accusé a été reconduit par l'escorte à la prison; le Commissaire du Gouvernement, le Greffier et les assistants dans

667 4216 1342 100 l'auditoire se sont retirés sur l'invitation du Président (4);

725 4288 3028 114 Le Conseil délibérant à huis clos, le Président a posé la question, conformément a l'article 132 du Code de justice

670 4374 3165 93 militaire, ainsi qu'il suit: Le soldat Tremblot Emile Gabriel, Gustave Georges de

657 4436 3017 121 la 3^e Section de C.O. A. (Boulangerie de campagne N^o 3) est-il coupable de

663 4522 3128 131 désertion à l'inférieur en temps de guerre pour s'être absenté, sans autorisation, de

646 4608 3148 145 l'hopital 110 à Amiens où il était en traitement du 30 septembre 1916 jour de

663 4694 3021 145 l'absence constatée au 16 octobre 1916, jour de sa présentation volontaire à la

671 4767 888 160 gendarmerie de Caen?

718 5131 630 76 (1) Et à décharge (s'il y en a).

722 5179 3028 103 (2) Indiquer si des témoins ont été entendus sans prestation de serment, et pour quel motif ; dire que les pièces de conviction, s'il y en a, ont été représentées.

674 5234 3069 114 Indiquer, en outre, ses incidents qui ont pu ce produire, en ayant soin de préciser à quel moment du débat ils ont en lieu, ses conclusions des parties, les

661 5288 3057 118 réquisitions du ministère public, les moyens de défense présentés par l'accusé, et enfin le jugement motivé du Conseil. Dans le cas où le blanc laisse ici ne suf-

666 5360 3052 113 firait pas pour insérer toutes ces mentions, on devra indiquer l'incident et le moment du débat il s'est produit, en ajoutant qu'il y a été statué par jugement

666 5422 3062 113 séparé, lequel est joint et annexé au présent, et alors le jugement séparé doit indiquer la publicité de l'audience, se terminer par la même formule et être signé

671 5489 3057 113 de la même manière que le jugement principal, en mentionnant qu'il y sera annexé comme en taisant partie. En cas de suspension d'audience et de remise au

670 5551 1941 93 lendemain, la mention qui constate cette remise est signée par le Président et le Greffier seulement.

705 5620 2666 99 (3) Indiquer si les réquisitions tendent à la déclaration de culpabilité et, dans ce cas, les articles de loi dont l'application est demandée.

708 5678 2278 103 (4) S'il y a une chambre des délibérations, on mettra que le Tribunal s'est retiré dans la chambre des délibérations.

908 5793 1509 83 Conseil de guerre. - N^o 967 de la Nomenclature générale. - Formule n^o 16.
