3712 6087
284 1313 2940 193 Les voix recueillies séparément, conformément à l'article 131 du Code de justice militaire, ou commençant par le grade intérieur,

223 1415 1965 167 le Président ayant émis son opinion le dernier, le Conseil de guerre permanent déclare

731 1739 1269 183 A l'unanimité: oui

548 2252 2153 192 A la majorité il existe des circonstances atténuantes

258 2556 2961 157 Sur quoi, et attendu les conclusions prises par le Commissaire du Gouvernement dans ses réquisitions, le Président a lu le texte

208 2673 3006 132 de la loi, recueilli de nouveau les voix dans la forme prescrite par les articles 131 et 134 du Code de justice militaire pour l'appli-

213 2739 436 116 cation de la peine.

284 2800 2463 126 Le Conseil est rentré en séance publique, le Président a lu les motifs qui précèdent et le dispositif ci-dessous.

279 2876 3087 126 En conséquence, le Conseil (1) à l'unanimité condamne de soldat Mouret susqualifié

274 2977 2914 102 à la peine de Six mois de prison, aux frais envers l'Etat et fixe au

258 3033 3164 122 minimum la durée de la contrainte par corps par application des articles 231, 232

274 3129 3133 117 234, 139 du code de justice militaire, 1^er de la loi du 19 Juillet 1901 modifié par

269 3210 2793 117 l'article 1^er de celle du 27 Avril 1916, 9 de la loi du 22 juillet 1867.

1167 3271 2098 137 Mais attendu toutefois, que le condamné n'a pas subi de

294 3342 2935 122 condamnation antérieure de nature à l'exclure du bénéfice du sursis, que ses

299 3434 3027 126 antécédents justifient ne mesure d'indulgence, le conseil déclare à l'unanimité

304 3510 2976 106 qu'il sera sursis à l'exécution de la peine, conformément aux articles 1^er de la

289 3576 3026 142 loi du 26 mars 1891, 1^er de la loi du 28 juin 1904 modifié par l'article 2 de la

299 3657 823 152 loi du 27 Avril 1916.

1046 3702 1741 178 Le texte de la loi appliquée est ainsi conçu:

533 3789 2955 243 Art. 232. C. J. M.^er Tout sous-officier, caporal, brigadier au soldat

324 3951 3144 178 coupable de désertion à l'intérieur en temps de paix, est puni.....

324 4073 3144 187 et de deux ans à cinq ans de travaux publics si la désertion a eu

324 4189 1610 198 lieu en temps de guerre.... ».

451 4276 3007 238 Art. 1^er Loi du 19 Juillet 1901.... Si la peine est celle des Travaux

380 4377 3113 238 publics, le Conseil de Guerre appliquera un emprisonnement de

375 4560 1493 152 deux mois à Cinq ans..... ».

517 4595 2976 213 Art. 139. C.J.M. Le jugement qui prononce une peine contre

385 4717 2702 198 l'accusé, le condamne aux frais envers l'Etat. ».

538 4808 2981 234 Art. 9. Loi du 22 juillet 1867. « La durée de la contrainte par corps

411 4950 3113 178 est réglée ainsi qu'il suit: de deux à vingt jours lorsque l'amende

436 5036 3103 214 et les autres condamnations n'excèdent pas cinquante francs. »

264 5534 2960 106 (1) Avoir soin de spécifier, s'il y a lieu, après t'indication de la peine infligée, la décision motivée du Conseil relative à ma non-imputation pour tout ou

203 5584 1335 132 partie de la détention préventive sur la durée de la peine prononcée.
