4415 6118
1260 234 2869 127 Enjoint au Commissaire du Gouvernement de faire donner immédiatement en sa présence lecture du présent jugement au

1189 316 1546 127 condamné devant la garde rassemblée sous les armes,

1199 377 3037 143 de avertir que la loi accorde un délai de trois jours francs pour se pourvoir en cassation (1), ou de vingt quatre heure

1194 474 735 137 pour se pourvoir en revision

1235 576 2593 193 Fait, clos et jugé sans désemparer, en séance publique, à Crugny, les jour, mois et an que dessus.

1255 759 3001 133 En conséquence, LE PRÉSIDENT DE LA RÉPUBLIQUE MANDE et ORDONNE à tous huissiers sur ce requis de mettre ledit jugement à

1199 841 3047 127 exécution; aux Procureurs généraux et aux Procureurs de la République près les tribunaux de première instance d'y tenir la

1184 912 2756 138 main; à tous commandants et officiers de la force publique de prêter main-forte lorsqu'ils en seront légalement requis.

1245 994 2138 183 En foi de quoi le présent jugement a été signé par les Membres du Conseil et par le Greffier.

3736.0 1203.0 582.0 367.0 +

1658 1218 439 433 +

2092.0 1147.0 577.0 520.0 +

2546.0 1147.0 812.0 474.0 +

939.0 1147.0 775.0 632.0 +

3618.0 1554.0 623.0 210.0 +

1245 1825 3006 102 L'an mil neuf cent dix sept onze Juillet le présent jugement à été lu par nous, Greffier soussigné, au condamné

2291 1886 1945 107 averti par le Commissaire du Gouvernement que l'article 44 de la loi du 17 avril

1189 1952 2761 123 1906 accorde trois jours pour se pourvoir en cassation (1), ou que les articles 141 et 143 du Code de justice militaire

1189 2034 2929 122 accordent vingt-quatre heures pour se pourvoir en revision (2), lesquels commencent à courir de l'expiration du présent jour.

4139 2013 112 143 Cette

1184 2110 1454 112 lecture faite en présence de la garde rassemblée sous les armes.

1862 2222 781 118 Le Commissaire du Gouvernement,

1398.0 2386.0 1353.0 321.0 +

3383 2227 261 133 Le Greffier,

3368 2309 623 235 +

2393 2712 638 132 EXÉCUTOIRE.

1250 2962 2001 204 Vu la procédure instruite contre le soldat Perard Léon Isidore

1179 3115 893 127 et les frais d'icelle dont le détail suit:

1424 3211 2235 148 1^o Coût du transport des pièces et objets pouvant servie à conviction ou à décharge................. ......

1429 3324 2230 107 2^o Honoraires des officiers de santé, médecins, chirurgiens civils, sages-femmes, experts, interprètes, traducteurs et

1515 3380 2139 102 autres, appelés en justice.................................................................

1429 3441 2225 107 3^o Indemnités accordées aux témoins civils et militaires..............................................

1418 3502 2236 102 4^o Frais de garde de scellés et ceux de mise en fourrière.............................................

1418 3573 2236 82 5^o Indemnités de route, de transport et de séjour, accordées aux membres des tribunaux militaires pour les dépla-

1515 3624 2144 118 cements auxquels l'instruction des procédures peut donner lieu, ainsi que toutes autres dépenses nécessitées

1515 3696 2144 97 de ce chef..............................................................................

1424 3747 2245 102 6^o Port des lettres et paquets pour l'instruction, sauf le port des lettres résultant de l'application de la loi du

1521 3818 2143 92 15 juin 1899............................................................................

1418 3864 2241 117 7^o Frais l'impression des arrêts, jugements et ordonnances de justice, quand il y a lieu..................

1418 3946 2241 102 8^o Prime de capture des contumax, des déserteurs et des insoumis......................................

1418 4002 2471 112 9^o Frais résultant de l'obtention des extraits du casier judiciaire......................................... 25

1408 4048 2246 122 10^o Prix du bulletin n^o 1 et du duplicata dudit (décret du 12 décembre 1899, art. 13).....................

1398 4124 2266 102 11^o Coût des bulletins n^o 1 et du duplicata de ces bulletins établis par les greffiers des conseils de guerre au sujet

1541 4185 2322 102 des condamnations prononcées par ces conseils (décret du 12 décembre 1899, art. 13).................... 55

1403 4236 2435 123 12^o Frais de procédure ou coût du jugement........................................................ 12^f 00

1383 4308 2281 107 13^o Amende.........................................................................................

1403 4379 2261 102 14^o Décimes additionnels (en France)...............................................................

1393 4435 2266 117 15^o Frais fixes de procédure devant la Cour de cassation ou le Conseil de revision...........................

1403 4501 2251 123 16^o Frais fixes de procédure devant le Conseil de guerre jugeant en 2^e instance.............................

2210 4598 1628 133 TOTAL.................................................. 12.80

1250 4772 3011 142 Vu le dispositif du jugement définitif, l'article 139 du Code de justice militaire, le Président du Conseil de guerre

1189 4879 2868 107 permanent du Q. G. de la 10^e armée liquide les frais dont l'état est ci-dessus à la somme de Douze francs

1163 4935 3103 122 quatre-vingt centimes du montant de laquelle il délivre le présent exécutoire, pour le recouvrement de

1184 5016 2991 118 ladite somme être poursuivi sur les biens présents et à venir du condamné, par les percepteurs des Contributions directes.

1250 5093 3006 117 En conséquence, LE PRÉSIDENT DE LA RÉPUBLIQUE MANDE ET ORDONNE à tous huissiers sur ce requis de mettre ledit jugement à

1179 5154 3077 143 exécution; aux Procureurs généraux et aux Procureurs de la République près les tribunaux de première instance d'y tenir la

1194 5246 2756 117 main; à tous commandants et officiers de la force publique de prêter main-forte lorsqu'ils en seront légalement requis.

1245 5317 1613 163 Fait en la Chambre du Conseil de guerre susdit, à Crugny

3052 5332 949 179 , le onze Juillet 1917

1230 5623 806 87 (1) En France, en Algérie et en Tunisie.

1230 5674 632 107 (2) Aux colonies et aux armées.

3164 5490 301 123 Le Président,

3741.0 5506.0 617.0 408.0 +
