3529 6087
541 324 2527 190 4^e question. - Est-il coupable de désertion à l'intérieur en temps de

510 456 2707 115 de guerre pour, étant caporal, s'être absenté, sans autorisation, de l'annexe

500 510 2588 135 de l'hopital 110 d'Amiens, où il était en traitement, du 14 octobre 1916

450 585 2830 148 jour de l'absence constatée au 28 octobre 1916 jour de sa présentation volontaire?

169 1339 2940 142 Les voix recueillies séparément, conformément à l'article 131 du Code de justice militaire, en commençant par le grade inférieur,

118 1423 1962 108 le Président ayant émis son opinion le dernier, le Conseil de guerre permanent déclare

473 1633 1692 135 Sur la 1^ere question A l'unanimité oui

713 1738 132 125 2^e

1221 1741 927 95 A l'unanimité Oui

734 1832 81 115 3^e

1231 1819 890 118 A l'unanimité oui

720 1924 95 128 4^e

1262 1903 856 136 A l'unanimité Oui

575 2187 2155 156 A la majorité, il existe des circonstances atténuantes.

159 2559 2963 132 Sur quoi, et attendu les conclusions prises par le Commissaire du Gouvernement dans ses réquisitions, le Président a lu le texte

115 2651 3001 105 de la loi, recueilli de nouveau les voix dans la forme prescrite par les articles 131 et 134 du Code de justice militaire pour l'appli-

115 2739 436 94 cation de la peine.

155 2803 2480 95 Le Conseil est rentré en séance publique, le Président a lu les motifs qui précèdent et la dispositif ci-dessous.

155 2867 3035 129 En conséquence, le Conseil (1) à la majorité de trois voix contre deux Condamne le soldat

155 2962 3069 135 Dauzonne susqualifié à la peine de Six mois de prison, au frais envers

131 3057 3029 115 l'état et fixe au minimum la durée de la contrainte par corps par application des

131 3138 3019 118 articles 231, 232, 234, 219, 135, 189 du Code de Justice militaire, 1^er de la loi du

131 3215 3046 142 19 Juillet 1901 modifié par l'article 1^er de celle du 27 Avril 1916, 9 de la loi du

135 3300 636 142 22 Juillet 1867.

135 3439 3038 155 antérieure, que ses antécédents justifient une mesure d'indulgence, le conseil déclare à

822 3371 2422 152 Mais attendu toutefois, que le condamné n'a pas subi de condamnation

121 3527 3096 148 l'unanimité qu'il sera sursis à l'exécution de la peine, conformément aux articles

138 3608 3056 155 1^er de la loi du 26 mars 1891, 1^er de la loi du 28 Juin 1904 modifié par l'article 2

128 3682 1042 115 de la loi du 27 Avril 1916.-

950 3773 1794 142 Le texte de la loi appliquée est ainsi conçu:

148 3878 3127 200 Article 219 C.J.M. Tout militaire qui viole ou force une consigne est puni:

165 4024 3157 169 ... 2^o de deux ans à dix ans de Travaux publics grand.. le fait a eu lieu sur un

169 4139 1536 148 territoire en état de guerre ou de siège.

159 4247 3166 193 Article 135 C.J.M. En cas de conviction de plusieurs crimes ou délits, la peine

196 4409 1445 132 la plus forte est seule prononcée

169 4517 3163 200 Article 189 C.J.M. de jugement qui prononce une peine contre l'accusé, le

175 4656 1537 145 condamne aux frais envers l'Etat.

175 4754 3208 203 Article 9 de la loi du 22 Juillet 1867. La durée de la contrainte par corps est

189 4896 3143 179 réglée ainsi qu'il suit: de deux jours à vingt jours lorsque l'amende et les

189 4994 2362 173 autres condamnations n'excédent pas cinquante francs

175 5082 3100 206 Article 1^e de la loi du 19 Juillet 1901.... Si la peine est celle des travaux publics

192 5204 3130 203 le conseil de guerre appliquera un emprisonnement de deux mois à cinq ans

135 5505 2954 115 (1) Avoir soin de spécifier, s'il y a lieu, après t'indication de la peine infligée, la décision motivée du Conseil relative à ma non-imputation pour tout ou

87 5562 1310 115 partie de la détention préventive sur la durée de la peine prononcée
