4415 6118
1214 239 3144 148 Enjoint au Commissaire du Gouvernement de faire donner immédiatement en sa présence lecture du présent jugement aux nommés

1082 310 3287 148 Rouffaud et Rivière devant la garde rassemblée sous les armes, et de donner au condamné Rouffaud l'avertissement

1148 402 3062 138 de avertir que la loi accorde un délai de trois jours francs pour se pourvoir en cassation (1), ou de vingt-quatre heures

1148 479 2241 158 pour se pourvoir en revision (2). prévu à l'article 3 de la loi du 26 mars 1891.

1209 616 2578 153 Fait, clos et jugé sans désemparer, en séance publique, à Crugny, les jour, mois et an que dessus.

1219 780 2996 142 En conséquence, LE PRÉSIDENT DE LA RÉPUBLIQUE MANDE et ORDONNE à tous huissiers sur ce requis de mettre ledit jugement à

1153 861 3047 138 exécution; aux Procureurs généraux et aux Procureurs de la République près les tribunaux de première instance d'y tenir la

1153 932 2741 153 main; à tous commandants et officiers de la force publique de prêter main-forte lorsqu'ils en seront légalement requis.

1209 1045 2149 193 En foi de quoi le présent jugement a été signé par les Membres du Conseil et par le Greffier.

2490.0 1187.0 965.0 429.0 +

3838.0 1187.0 571.0 459.0 +

1444.0 1243.0 536.0 398.0 +

1919.0 1198.0 612.0 504.0 +

3996.0 1554.0 367.0 220.0 +

3307.0 1636.0 418.0 204.0 +

1214 1825 2879 127 L'an mil neuf cent dix sept onze Juillet le présent jugement à été lu par nous, Greffier soussigné, aux sergents

1122 1881 3104 132 Rouffaud et Rivière averti par le Commissaire du Gouvernement que l'article 44 de la loi du 17 avril

1153 1973 2766 127 1906 accorde trois jours pour se pourvoir en cassation (1), ou que les articles 141 et 143 du Code de justice militaire

1148 2039 3088 127 accordent vingt-quatre heures pour se pourvoir en revision (2), lesquels commencent à courir de l'expiration du présent jour. Cette

1138 2105 3118 138 lecture faite en présence de la garde rassemblée sous les armes. Le Commissaire du Gouvernement a donné au Condamné

1143 2187 2138 117 Rouffaud l'avertissement prevu à l'article 3 de la Loi du 26 Mars 1891.

1822 2278 796 92 Le Commissaire du Gouvernement,

1424.0 2380.0 1321.0 317.0 +

3353 2278 265 92 Le Greffier,

3353 2335 531 260 +

2363 2732 648 143 EXÉCUTOIRE.

1224 3018 1843 173 Va la procédure instruite contre le sergent Rouffaud, Léopold

1148 3140 908 143 et les frais d'icelle dont le détail suit:

1398 3232 2236 153 1^o Coût du transport des pièces et objets pouvant servie à conviction ou à décharge................. ......

1403 3329 2241 122 2^o Honoraires des officiers de santé, médecins, chirurgiens civils, sages-femmes, experts, interprètes, traducteurs et

1480 3405 2159 92 autres, appelés en justice.................................................................

1408 3456 2236 117 3^o Indemnités accordées aux témoins civils et militaires..............................................

1393 3528 2251 91 4^o Frais de garde de scellés et ceux de mise en fourrière.............................................

1398 3594 2236 102 5^o Indemnités de route, de transport et de séjour, accordées aux membres des tribunaux militaires pour les dépla-

1490 3650 2154 97 cements auxquels l'instruction des procédures peut donner lieu, ainsi que toutes autres dépenses nécessitées

1500 3706 2139 112 de ce chef..............................................................................

1403 3772 2241 102 6^o Port des lettres et paquets pour l'instruction, sauf le port des lettres résultant de l'application de la loi du

1500 3844 2144 97 15 juin 1899............................................................................

1408 3900 2236 107 7^o Frais l'impression des arrêts, jugements et ordonnances de justice, quand il y a lieu..................

1398 3961 2246 102 8^o Prime de capture des contumax, des déserteurs et des insoumis......................................

1413 4022 2430 112 9^o Frais résultant de l'obtention des extraits du casier judiciaire......................................... 0.25

1398 4073 2246 112 10^o Prix du bulletin n^o 1 et du duplicata dudit (décret du 12 décembre 1899, art. 13).....................

1388 4144 2256 118 11^o Coût des bulletins n^o 1 et du duplicata de ces bulletins établis par les greffiers des conseils de guerre au sujet

1531 4201 2297 112 des condamnations prononcées par ces conseils (décret du 12 décembre 1899, art. 13).................... 0.40

1393 4257 2429 127 12^o Frais de procédure ou coût du jugement........................................................ 12^f 00

1383 4328 2266 97 13^o Amende.........................................................................................

1378 4394 2266 107 14^o Décimes additionnels (en France)...............................................................

1388 4461 2246 96 15^o Frais fixes de procédure devant la Cour de cassation ou le Conseil de revision...........................

1383 4517 2256 112 16^o Frais fixes de procédure devant le Conseil de guerre jugeant en 2^e instance.............................

2204 4598 1649 168 TOTAL.................................................. 12ᶠ65.

1219 4766 3027 158 Vu le dispositif du jugement définitif, l'article 139 du Code de justice militaire, le Président du Conseil de guerre

1179 4879 3108 137 permanent de la Q. G. de la 10ᵉ armée liquide les frais dont l'état est ci-dessus à la somme de Douze francs soixante

1173 4960 3068 102 cinq centimes du montant de laquelle il délivre le présent exécutoire, pour le recouvrement de

1173 5032 2976 127 ladite somme être poursuivi sur les biens présents et à venir du condamné, par les percepteurs des Contributions directes.

1224 5108 3022 117 En conséquence, LE PRÉSIDENT DE LA RÉPUBLIQUE MANDE ET ORDONNE a tous huissiers sur ce requis de mettre ledit jugement à

1173 5185 3073 122 exécution; aux Procureurs généraux et aux Procureurs de la République près les tribunaux de première instance d'y tenir la

1163 5261 2777 122 main; à tous commandants et officiers de la force publique de prêter main-forte lorsqu'ils en seront légalement requis.

1219 5343 2609 117 Fait en la Chambre de Conseil de guerre susdit, à Crugny , le onze Juillet 1917

1224 5648 807 92 (1) En France, en Algérie et en Tunisie.

1219 5689 633 133 (2) Aux colonies et aux armées.

3164 5470 286 143 Le Président,

3899.0 5485.0 444.0 327.0 +
