4415 6118
1204 224 2869 158 Enjoint au Commissaire du Gouvernement de faire donner immédiatement en sa présence lecture du présent jugement au

1270 321 1409 132 condamné devant la garde rassemblée sous les armes,

1117 356 3093 184 de avertir que la loi accorde un délai de trois jours francs pour se pourvoir en cassation (1), ou de vingt-quatre heures

1143 484 735 132 pour se pourvoir en revision (2).

1199 596 2583 173 Fait, clos et jugé sans désemparer, en séance publique, à Crugny, les jour, mois et an que dessus.

1143 841 3062 142 exécution; aux Procureurs généraux et aux Procureurs de la République près les tribunaux de première instance d'y tenir la

1204 754 2996 158 En conséquence, LE PRÉSIDENT DE LA RÉPUBLIQUE MANDE et ORDONNE à tous huissiers sur ce requis de mettre ledit jugement à

1138 897 2741 163 main; à tous commandants et officiers de la force publique de prêter main-forte lorsqu'ils en seront légalement requis.

1204 1034 2149 174 En foi de quoi le présent jugement a été signé par les Membres du Conseil et par le Greffier.

3868.0 1238.0 516.0 485.0 +

2220.0 1238.0 510.0 434.0 +

2628.0 1060.0 980.0 637.0 +

1046.0 1167.0 755.0 637.0 +

1633.0 1203.0 571.0 596.0 +

1204 1820 2899 112 L'an mil neuf cent-dix-sept, le onze Juillet, le présent jugement a été lu par nous, Greffier soussigné, au condamné

2215 1871 2055 127 averti par le Commissaire du Gouvernement que l'article 44 de la loi du 17 avril

1176 1954 2758 126 1906 accorde trois jours pour se pourvoir en cassation (1), ou que les articles 141 et 143 du Code de justice militaire

1148 2029 2914 137 accordent vingt-quatre heures pour se pourvoir en revision (2), lesquels commencent à courir de l'expiration du présent jour.

4088 2003 127 158 Cette

1153 2105 1444 143 lecture faite en présence de la garde rassemblée sous les armes.

1786 2217 822 123 Le Commissaire du Gouvernement,

1424.0 2350.0 1480.0 347.0 +

3348 2217 245 143 Le Greffier,

2342 2702 664 137 EXÉCUTOIRE.

1170 2957 2404 200 Vu la procédure instruite contre le détenu Pavot, Edouard

1153 3125 888 143 et les frais d'icelle dont le détail suit:

1403 3211 2231 158 1^o Coût du transport des pièces et objets pouvant servie à conviction ou à décharge................. ......

1393 3319 2241 112 2^o Honoraires des officiers de santé, médecins, chirurgiens civils, sages-femmes, experts, interprètes, traducteurs et

1490 3385 2138 112 autres, appelés en justice.................................................................

1398 3441 2230 112 3^o Indemnités accordées aux témoins civils et militaires..............................................

1398 3502 2236 112 4^o Frais de garde de scellés et ceux de mise en fourrière.............................................

1393 3573 2230 107 5^o Indemnités de route, de transport et de séjour, accordées aux membres des tribunaux militaires pour les dépla-

1495 3619 2139 128 cements auxquels l'instruction des procédures peut donner lieu, ainsi que toutes autres dépenses nécessitées

1490 3691 2138 102 de ce chef..............................................................................

1398 3752 2236 107 6^o Port des lettres et paquets pour l'instruction, sauf le port des lettres résultant de l'application de la loi du

1500 3818 2128 107 15 juin 1899............................................................................

1408 3874 2226 117 7^o Frais l'impression des arrêts, jugements et ordonnances de justice, quand il y a lieu..................

1403 3920 2435 122 8^o Prime de capture des contumax, des déserteurs et des insoumis...................................... 25^f 00

1403 4002 2414 107 9^o Frais résultant de l'obtention des extraits du casier judiciaire......................................... 0.25

1388 4063 2246 107 10^o Prix du bulletin n^o 1 et du duplicata dudit (décret du 12 décembre 1899, art. 13).....................

1383 4124 2261 112 11^o Coût des bulletins n^o 1 et du duplicata de ces bulletins établis par les greffiers des conseils de guerre au sujet

1536 4180 2271 117 des condamnations prononcées par ces conseils (décret du 12 décembre 1899, art. 13).................... 0.55

1383 4252 2429 117 12^o Frais de procédure ou coût du jugement........................................................ 12^f 00

1383 4318 2261 107 13^o Amende.........................................................................................

1378 4374 2271 92 14^o Décimes additionnels (en France)...............................................................

1363 4445 2273 95 15^o Frais fixes de procédure devant la Cour de cassation ou le Conseil de revision...........................

1388 4506 2240 128 16^o Frais fixes de procédure devant le Conseil de guerre jugeant en 2^e instance.............................

2173 4625 1684 113 TOTAL.................................................. 37^f 80

1235 4756 3001 163 Vu le dispositif du jugement définitif, l'article 139 du Code de justice militaire, le Président du - Conseil de guerre

1179 4874 2929 117 permanent de la 10^e armée liquide les frais dont l'état est ci-dessus à la somme de trente-sept francs

1184 4945 3052 122 quatre vingts centimes du montant de laquelle il délivre le présent exéculoire, pour le recouvrement de

1173 5026 2986 113 ladite somme être poursuivi sur les biens présents et à venir du condamné, par les percepteurs des Contributions directes.

1235 5093 3001 107 En conséquence, LE PRÉSIDENT DE LA RÉPUBLIQUE MANDE ET ORDONNE a tous huissiers sur ce requis de mettre ledit jugement à

1173 5164 3058 133 exécution; aux Procureurs généraux et aux Procureurs de la République près les tribunaux de première instance d'y tenir la

1133 5246 2807 132 main; à tous commandants et officiers de la force publique de prêter main-forte lorsqu'ils en seront légalement requis.

1187 5329 2657 149 Fait en la Chambre du Conseil de guerre susdit, à Crugny, le 11 Juillet 1917

1051 5399 1822 132 Le présent jugement a commencé à recevoir son exécution

1071 5470 1960 158 le dix-sept Juillet 1917 à la parade, pour compter du 13 Juin 1917

2077 5562 472 188 Le Greffier,

1995 5659 710 300 +

1189 5628 847 92 (1) En France, en Algérie et en Tunisie.

1214 5674 643 133 (2) Aux colonies et aux armées.

3149 5439 306 164 Le Président

3919 5470 444 326 +
