4144 6191
882 175 3019 196 La séance ayant été ouverte, le Président a fait apporter et déposer devant lui, sur le bureau, un exemplaire du Code de justice

810 288 2998 150 militaire, du Code d'instruction criminelle et du Code pénal ordinaire, et ordonné à la garde d'amener l'accusé, qui a

810 366 3184 155 été introduit, libre et sans fers, devant le Conseil, accompagné de son défenseur d'office M. Fontanges officier

841 438 1470 139 d'Administration du service de santé

872 830 2807 160 Interrogé de déclarer ses nom, prénoms, âge, lieu de naissance, état profession et domicile il a

1063 928 2828 145 répondu se nommer Mouret Achille Henri, vingt quatre ans, né à Puteaux

882 1006 3107 134 arrondisement de Saint Denis (Seine), Marié sans enfants, profession de charretier

892 1093 3158 119 domicilié avant d'entrer au service à Courbevoie, 15 impasse Dupay, arrondissement

897 1171 3202 170 de S^t Denis (Seine) actuellement soldat au 95^e Régiment d'Infanterie territoriale

861 1816 3039 165 Le Président, après avoir fait lire le greffier l'ordre de convocation, le rapport prescrit par l'article 108 du Code de justice

805 1903 2906 140 militaire, et les pièces dont la lecture lui a paru nécessaire, a fait connaître a l'accusé les faits à raison desquels il est

799 1981 2612 139 poursuivi, et lui a donné, ainsi qu'au défenseur, l'avertissement indiqué en l'article 121 dudit Code;

866 2058 1303 119 Après quoi, il a procédé à l'interrogatoire de l'accusé

2208 2073 1672 135 et a fait entendre publiquement et séparément les témoins à charge (1)

1367 2141 2549 134 ; lesdits témoins ayant au préalable prêté serment de parler sans haine et sans crainte, juré de dire toute la

794 2177 630 154 vérité et rien que la vérité;

861 2424 3009 186 Et le Président ayant, en outre, rempli à leur égard les formalités prescrites par les articles 317 et 319 du Code d'instruction

789 2533 268 123 criminelle;

851 2615 72 114 (2)

851 3126 3066 170 Ouï M. le Commissaire du Gouvernement en ses réquisitions tendant à ce que (3) le dit Mouret susqualifié

851 3245 3184 144 soit déclaré coupable des faits releves contre lui dans l'ordre de mise en jugement

836 3332 2966 176 et qu'il lui soit fait application des articles 231, 232, 234 du code de justice

846 3415 368 134 militaire

774 3683 3081 165 et l'accusé dans ses moyens de défense, tant par lui que par son défenseur, lesquels ont

768 3797 3106 127 déclaré n'avoir rien à ajouter à leurs moyens de défense, et ont eu la parole les derniers, le Président a déclaré les débats terminés,

784 3884 1516 109 et il a ordonné au défenseur et a l'accusé de se retirer.

851 4060 2993 196 L'accusé a été reconduit par l'escorte à la prison; le Commissaire du Gouvernement, le Greffier et les assistants, dans

784 4204 1316 119 l'auditoire se sont retirés sur l'invitation du Président (4);

846 4282 3024 123 Le Conseil délibérant à huis clos, le Président a la posé la question, conformément à l'article 132 du Code de justice

784 4364 3107 124 militaire, ainsi qu'il suit: Le soldat Mouret (Achille Henri) du 6^e Bataillon du 95^e

784 4447 3133 139 régiment territorial d'infanterie est-il coupable de désertion à l'intérieur en

789 4524 3227 139 temps de guerre pour, voyageant isolément, ne s'être pas présenté à son nouveau

805 4632 3042 145 corps de 23 Novembre 1916, ni dans des cinq jours qui ont suivi celui fixé

820 4710 738 129 pour son retour?

830 5097 609 113 (1) Et à décharge (s'il y en a).

830 5138 3009 139 (2) Indiquer si des témoins ont été entendus sans prestation de serment, et pour quel motif ; dire que les pièces de conviction, s'il y en a, ont été représentées.

784 5221 3060 113 Indiquer, en outre, ses incidents qui ont pu ce produire, en ayant soin de préciser à quel moment du débat ils ont en lieu, ses conclusions des parties, les

784 5303 3055 98 réquisitions du ministère public, les moyens de défense présentés par l'accusé, et enfin le jugement motivé du Conseil. Dans le cas où le blanc laisse ici ne suf-

784 5360 3060 98 firait pas pour insérer toutes ces mentions, on devra indiquer l'incident et le moment du débat il s'est produit, en ajoutant qu'il y a été statué par jugement

784 5417 3065 98 séparé, lequel est joint et annexé au présent, et alors le jugement séparé doit indiquer la publicité de l'audience, se terminer par la même formule et être signé

774 5473 3075 119 de la même manière que le jugement principal, en mentionnant qu'il y sera annexé comme en taisant partie. En cas de suspension d'audience et de remise au

774 5540 1950 104 lendemain, la mention qui constate cette remise est signée par le Président et le Greffier seulement.

820 5602 2663 109 (3) Indiquer si les réquisitions tendent à la déclaration de culpabilité et, dans ce cas, les articles de loi dont l'application est demandée.

825 5669 2286 114 (4) S'il y a une chambre des délibérations, on mettra que le Tribunal s'est retiré dans la chambre des délibérations.

1021 5778 1512 93 Conseil de guerre. - N^o 967 de la Nomenclature générale. - Formule n^o 16.
