4415 6118
1219 203 2991 194 La séance ayant été ouverte, le Président a fait apporter et déposer devant lui, sur le bureau, un exemplaire du Code du justice

1148 316 2960 168 militaire, du Code d'instruction criminelle et du code pénal ordinaire, et ordonné à la garde d'amener l'accusé, qui a

1153 402 3210 153 été introduit, libre et sans fers, devant le Conseil, accompagné de son défenseur l'officier d'administration de

1163 479 2450 199 2^e classe Foutanges, du service de Santé, designé d'office

1219 810 3002 219 Interrogé de ses nom, prénoms, âge, lieu de naissance, état profession et domicile l'accusé a

1408 953 2904 153 répondu se nommer Moreau, Joseph Louis Simon, 42 ans, né à Epeautrolles (arrt de Chartres

1138 1080 3185 163 Eure & Loir), marié, deux enfants, grainetier, demeurant avant son entrée au service à

1143 1172 3164 173 Brezolles (arr^t de Dreux. Eure & Loir), actuellement conducteur à la Section 8M. 503

1224 1804 3012 199 Le Président, après avoir fait lire par le greffier l'ordre de convocation, le rapport prescrit par l'article 108 du Code de justice

1173 1911 2848 169 militaire, et les pièces dont la lecture lui a paru nécessaire, a fait connaître à l'accusé les faits à raison desquels il est

1163 1993 2608 163 poursuivi, et lui a donné, ainsi qu'au défenseur, l'avertissement indiqué en l'article 121 dudit Code;

1219 2095 1276 138 Après quoi, il a procédé à l'interrogatoire de l'accusé

2536 2059 1674 138 et a lait entendre publiquement et séparément les témoins à charge

1725 2146 2501 163 ; lesdits témoins ayant au préalable prêté serment de parler sans haine et sans crainte, juré de dire toute la

1163 2253 618 133 vérité et rien que la vérité;

1235 2447 2991 209 Et le Président ayant, en outre, rempli à leur égard les formalités prescrites par les articles 317 et 319 du Code d'instruction

1184 2595 240 122 criminelle;

1209 2666 102 189 (2)

1240 3160 3072 174 Oui M. le Commissaire du Gouvernement en ses réquisitions tendant à ce que (3) l'accusé soit reconnu coupable

1184 3252 3185 158 des frais relevés conte lui dans l'ordre de mise en jugement & qu'il lui soit fait application

1199 3364 2333 179 des articles 319 du Code penal, et 267. du C. de Justice militaire

1179 3726 3072 158 et l'accusé dans ses moyens de défense, tant par lui que par son défenseur, lesquels ont

1173 3813 3073 138 déclaré n'avoir rien à ajouter à leurs moyens de défense, et ont eu la parole les derniers, le Président a déclaré les débats terminés,

1189 3915 1500 143 et il a ordonné au défenseur et a l'accusé de se retirer.

1255 4124 2986 173 L'accusé a été reconduit par l'escorte à la prison; le Commissaire du Gouvernement, le Greffier et les assistants dans

1184 4241 1316 133 l'auditoire de sont retirés sur l'invitation du Président (4);

1255 4308 3001 137 Le Conseil délibérant à huis clos, le Président a posé la question, conformément à l'article 132 du Code de justice

1179 4399 632 133 militaire, ainsi qu'il suit:

1250 5174 612 82 (1) Et a décharge (s'il y en a).

1250 5179 2991 133 (2) Indiquer si des témoins ont été entendus sans prestation de serment, et pour quel motif ; dire que les pièces de conviction, s'il y en a, ont été représentées.

1209 5256 3032 112 Indiquer, en outre, ses incidents qui ont pu ce produire, en ayant soin de préciser à quel moment du débat ils ont en lieu, ses conclusions des parties, les

1214 5327 3022 107 réquisitions du ministère public, les moyens de défense présentés par l'accusé, et enfin le jugement motivé du Conseil. Dans le cas où le blanc laisse ici ne suf-

1204 5383 3042 118 firait pas pour insérer toutes ces mentions, on devra indiquer l'incident et le moment du débat il s'est produit, en ajoutant qu'il y a été statué par jugement

1204 5445 3042 112 séparé, lequel est joint et annexé au présent, et alors le jugement séparé doit indiquer la publicité de l'audience, se terminer par la même formule et être signé

1199 5501 3052 127 de la même manière que le jugement principal, en mentionnant qu'il y sera annexé comme en taisant partie. En cas de suspension d'audience et de remise au

1209 5582 1940 107 lendemain, la mention qui constate cette remise est signée par le Président et le Greffier seulement.

1260 5638 2639 123 (3) Indiquer si les réquisitions tendent à la déclaration de culpabilité et, dans ce cas, les articles de loi dont l'application est demandée.

1255 5705 2256 122 (4) S'il y a une chambre des délibérations, on mettra que le Tribunal s'est retiré dans la chambre des délibérations.

1454 5827 1496 102 Conseil de guerre. - N^o 967 de la Nomenclature générale. - Formule n^o 16.
