3277 6191
412 180 2854 165 Enjoint au Commissaire du Gouvernement de faire donner immédiatement en sa présence lecture du présent jugement a l'a

923 314 970 114 devant la garde rassemblée sous les armes,

376 350 2895 165 de avertir que la loi accorde un délai de trois jours francs pour se pourvoir en cassation (1), ou de vingt-quatre heu

368 481 719 107 pour se pourvoir en revision (2)

402 577 2565 165 Fait, clos et jugé sans désemparer, en séance publique, à Morisel (Somme), les jour, mois et an que dessus.

402 722 2859 165 En conséquence, LE PRÉSIDENT DE LA RÉPUBLIQUE MANDE et ORDONNE à tous huissiers sur ce requis de mettre ledit jugement

345 840 2906 135 exécution; aux Procureurs généraux et aux Procureurs de la République près les tribunaux de première instance d'y tenir

350 902 2705 160 main; à tous commandants et officiers de la force publique de prêter main-forte lorsqu'ils en seront légalement requis.

423 1036 2105 160 En foi de quoi le présent jugement a été signé par les Membres du Conseil et par le Greffier.

1733 1155 424 274 +

2941 1243 315 170 +

583 1202 521 459 +

2048 1233 542 469 +

1150 1165 604 542 +

2740 1480 521 361 +

407 1816 2854 98 L'an mil neuf cent dit sept le quatre Janvier le présent jugement a été lu par nous, Greffier soussigné, a l'acquitte

1481 1877 1775 114 averti par le Commissaire du Gouvernement que l'article 44 de la loi du 17 avr

345 1960 2730 108 1906 accorde trois jours pour se pourvoir en cassation (1), ou que les articles 141 et 148 du Code de justice militaire

354 2043 2885 103 accordent vingt quatre heures pour se pourvoir en revision (2), lesquels commencent à courir de l'expiration du présent jour.

340 2101 1456 103 lecture faite en présence de la garde rassemblée sous les armes.

1039 2215 771 130 Le Commissaire du Gouvernement,

536 2362 1414 279 +

2516 2208 258 158 Le Greffier,

2657 2197 614 521 +

1563 2713 630 150 EXÉCUTOIRE

402 3040 813 107 Vu la procédure instruite contre le

347 3116 892 123 et les frais d'icelle dont le détail suit:

598 3229 2186 124 1^o Coût du transport des pièces et objets pouvant servie à conviction ou à décharge................. ......

592 3322 2196 96 2^o Honoraires des officiers de santé, médecins, chirurgiens civils, sages-femmes, experts, interprètes, traducteurs et

685 3377 2096 96 autres, appelés en justice.................................................................

602 3436 2182 103 3^o Indemnités accordées aux témoins civils et militaires..............................................

595 3494 2193 107 4^o Frais de garde de scellés et ceux de mise en fourrière.............................................

602 3559 2175 97 5^o Indemnités de route, de transport et de séjour, accordées aux membres des tribunaux militaires pour les dépla-

681 3625 2103 106 cements auxquels l'instruction des procédures peut donner lieu, ainsi que toutes autres dépenses nécessitées

688 3690 2096 100 de ce chef..............................................................................

602 3748 2179 107 6^o Port des lettres et paquets pour l'instruction, sauf le port des lettres résultant de l'application de la loi du

691 3821 2086 93 15 juin 1899............................................................................

602 3872 2168 107 7^o Frais l'impression des arrêts, jugements et ordonnances de justice, quand il y a lieu..................

602 3934 2168 107 8^o Prime de capture des contumax, des déserteurs et des insoumis......................................

595 3982 2182 121 9^o Frais résultant de l'obtention des extraits du casier judiciaire.........................................

578 4058 2192 107 10^o Prix du bulletin n^o 1 et du duplicata dudit (décret du 12 décembre 1899, art. 13).....................

578 4120 2196 110 11^o Coût des bulletins n^o 1 et du duplicata de ces bulletins établis par les greffiers des conseils de guerre au sujet

719 4178 2045 114 des condamnations prononcées par ces conseils (décret du 12 décembre 1899, art. 13)....................

572 4215 2379 154 12^o Frais de procédure ou coût du jugement........................................................ 12^f 00

574 4299 2196 120 13^o Amende.........................................................................................

571 4357 2203 124 14^o Décimes additionnels (en France)...............................................................

578 4419 2189 124 15^o Frais fixes de procédure devant la Cour de cassation ou le Conseil de revision...........................

574 4485 2196 130 16^o Frais fixes de procédure devant le Conseil de guerre jugeant en 2^e instance.............................

1380 4601 1401 138 TOTAL..................................................

392 4767 2879 149 Vu le dispositif du jugement définitif, l'article 139 du Code de justice militaire, le Président du Conseil de guerre

356 4854 402 114 permanent de la

1310 4849 1259 150 liquide les frais dont l'état est ci-dessus à la somme de

1470 4937 1801 144 du montant de laquelle il délivre le présent exécutoire, pour le recouvrement de

335 4957 2880 202 ladite somme être poursuivi sur les biens présents et à venir d - condamné, par les percepteurs des Contributions directes.

392 5071 2879 144 En conséquence, LE PRÉSIDENT DE LA RÉPUBLIQUE MANDE ET ORDONNE a tous huissiers sur ce requis de mettre ledit jugement à

340 5148 2926 155 exécution; aux Procureurs généraux et aux Procureurs de la République près les tribunaux de première instance d'y tenir

340 5215 2699 181 main; à tous commandants et officiers de la force publique de prêter main-forte lorsqu'ils en seront légalement requis.

397 5293 1176 139 Fait en la Chambre du Conseil de guerre susdit, à

2193 5329 72 180 , le

397 5599 804 76 (1) En France, en Algérie et en Tunisie.

2296 5432 310 191 Le Président,

407 5644 636 139 (2) Aux colonies et aux armées.

2523 5592 511 279 +
