4111 6191
893 201 2933 191 Enjoint au Commissaire du Gouvernement de faire donner immédiatement en sa présence lecture du présent jugement au

898 319 1508 135 condamné devant la garde rassemblée sous les armes,

836 386 3083 186 de avertir que la loi accorde un délai de trois jours francs pour se pourvoir en cassation (1), ou de vingt-quatre heures

826 474 738 124 pour se pourvoir en revision (2)

877 619 2624 160 Fait, clos et jugé sans désemparer, en séance publique, à Morisel, les jour, mois et an que dessus.

877 758 3053 180 En conséquence, LE PRÉSIDENT DE LA RÉPUBLIQUE MANDE et ORDONNE à tous huissiers sur ce requis de mettre ledit jugement à

821 866 3093 140 exécution; aux Procureurs généraux et aux Procureurs de la République près les tribunaux de première instance d'y tenir la

816 933 2788 165 main; à tous commandants et officiers de la force publique de prêter main-forte lorsqu'ils en seront légalement requis.

877 1047 2170 170 En foi de quoi le présent jugement a été signé par les Membres du Conseil et par le Greffier.

2101.0 1196.0 501.0 325.0 +

3356 1300 625 227 +

888.0 1289.0 511.0 418.0 +

1430.0 1191.0 811.0 568.0 +

2272.0 1351.0 522.0 423.0 +

3305 1490 728 403 +

872 1857 2996 103 L'an mil neuf cent dix sept le quatre janvier le présent jugement a été lu par nous, Greffier soussigné, au condamné

1931 1908 1968 135 averti par le Commissaire du Gouvernement que l'article 44 de la loi du 17 avril

810 1965 2763 150 1906 accorde trois jours pour se pourvoir en cassation (1), ou que les articles 141 et 143 du Code de justice militaire

805 2043 2944 144 accordent vingt-quatre heures pour se pourvoir en revision (2), lesquels commencent a courir de l'expiration du présent jour.

3785 2053 129 144 Cette

810 2125 3213 139 lecture faite en présence de la garde rassemblee sous les armes. Le Commissaire du Gouvernement, a en outre, donné

810 2197 2415 98 connaissance au condamné, de l'article 3 de la loi du 26 mars 1891

1492 2270 790 103 Le Commissaire du Gouvernement,

1244.0 2424.0 1379.0 227.0 +

3026 2280 285 113 Le Greffier,

3129.0 2275.0 821.0 423.0 +

2029 2744 646 134 EXÉCUTOIRE.

857 2992 2696 232 Vu la procédure instruite contre le soldat Mouret Achille Henri

790 3126 903 160 et les frais d'icelle dont le détail suit:

1053 3265 2236 129 1^o Coût du transport des pièces et objets pouvant servie à conviction ou à décharge................. ......

1043 3337 2262 124 2^o Honoraires des officiers de santé, médecins, chirurgiens civils, sages-femmes, experts, interprètes, traducteurs et

1131 3410 2169 118 autres, appelés en justice.................................................................

1032 3446 2262 139 3^o Indemnités accordées aux témoins civils et militaires..............................................

1043 3528 2246 104 4^o Frais de garde de scellés et ceux de mise en fourrière.............................................

1038 3590 2256 103 5^o Indemnités de route, de transport et de séjour, accordées aux membres des tribunaux militaires pour les dépla-

1136 3652 2164 119 cements auxquels l'instruction des procédures peut donner lieu, ainsi que toutes autres dépenses nécessitées

1141 3724 2143 98 de ce chef..............................................................................

1043 3761 2257 134 6^o Port des lettres et paquets pour l'instruction, sauf le port des lettres résultant de l'application de la loi du

1136 3843 2153 114 15 juin 1899............................................................................

1032 3884 2262 129 7^o Frais l'impression des arrêts, jugements et ordonnances de justice, quand il y a lieu..................

1032 3967 2474 98 8^o Prime de capture des contumax, des déserteurs et des insoumis...................................... 25.00

1027 4024 2484 123 9^o Frais résultant de l'obtention des extraits du casier judiciaire......................................... 0.25

1007 4086 2287 108 10^o Prix du bulletin n^o 1 et du duplicata dudit (décret du 12 décembre 1899, art. 13).....................

1012 4153 2288 98 11^o Coût des bulletins n^o 1 et du duplicata de ces bulletins établis par les greffiers des conseils de guerre au sujet

1146 4215 2334 103 des condamnations prononcées par ces conseils (décret du 12 décembre 1899, art. 13).................... 0.40

996 4276 2474 104 12^o Frais de procédure ou coût du jugement........................................................ 12^f 00

1001 4344 2288 113 13^o Amende.........................................................................................

1001 4405 2283 109 14^o Décimes additionnels (en France)...............................................................

991 4452 2303 124 15^o Frais fixes de procédure devant la Cour de cassation ou le Conseil de revision...........................

1007 4524 2277 114 16^o Frais fixes de procédure devant le Conseil de guerre jugeant en 2^e instance.............................

1823 4601 1709 202 TOTAL.................................................. 37^f 65

831 4782 3063 155 Vu le dispositif du jugement définitif, l'article 139 du Code de justice militaire, le Président du Conseil de guerre

774 4901 3120 124 permanent de la 10^e Armée liquide les frais dont l'état est ci-dessus à la somme de Trente sept francs

774 4973 3120 113 soixante cinq centimes du montant de laquelle il délivre le présent exécutoire, pour le recouvrement de

774 5050 3011 119 ladite somme être poursuivi sur les biens présents et à venir du condamné, par les percepteurs des Contributions directes.

821 5123 3062 113 En conséquence, LE PRÉSIDENT DE LA RÉPUBLIQUE MANDE ET ORDONNE à tous huissiers sur ce requis de mettre ledit jugement à

779 5179 3104 134 exécution; aux Procureurs généraux et aux Procureurs de la République près les tribunaux de première instance d'y tenir la

774 5267 2789 134 main; à tous commandants et officiers de la force publique de prêter main-forte lorsqu'ils en seront légalement requis.

826 5344 2675 145 Fait en la Chambre du Conseil de guerre susdit, à Morisel, le Quatre Janvier 1917

681 5401 1316 165 Peine comptant du 13 décembre 1916

831 5654 801 88 (1) En France, en Algérie et en Tunisie.

821 5685 650 113 (2) Aux colonies et aux armées.

2773 5504 299 124 Le Président

3176.0 5592.0 547.0 294.0 +
