4415 6118
1219 188 3002 168 La séance ayant été ouverte, le Président a fait apporter et déposer devant lui, sur le bureau, un exemplaire du Code du justice

1148 285 2996 143 militaire, du Code d'instruction criminelle et du code pénal ordinaire, et ordonné à la garde d'amener l'accusé, qui a

1158 367 2976 147 été introduit, libre et sans fers, devant le Conseil, accompagné d'un défenseur M. l'officier d'administration

1168 463 2164 194 de 2^e classe Fontanges du service de santé, désigné d'office par M. Le Président

1224 800 2894 194 Interrogé de ses nom, prénoms, âge, lieu de naissance, état profession et domicile l'accusé

1286 948 602 122 a répondu se nommer

1311 1050 2925 188 Pavot, Edouard, âgé de 20 ans, né à Paris, 19^e arrondissement, (Seine), Célibataire,

1235 1187 2863 194 professions de menuisier, domicilié à Romainvelle (Seine) et actuellement détenu à l'atelier de

1240 1325 561 148 travaux publics n^o 3.

1214 1784 3022 178 Le Président, après avoir fait lire par le greffier de convocation, le rapport prescrit par l'article 108 du Code de justice

1163 1886 2746 148 militaire, et les pièces dont la lecture lui a paru nécessaire, a fait connaître a l'accusé les faits à raison desquels il

1163 1967 2603 138 poursuivi, et lui a donné, ainsi qu'au défenseur, l'avertissement indiqué en l'article 121 dudit Code;

1219 2029 3017 158 Après quoi, il a procédé à l'interrogatoire de l'accusé et a fait entendre publiquement et séparément les témoins à charge (1)

1714 2115 2522 158 ; lesdits témoins ayant au préalable prêté serment de parler sans haine et sans crainte, jure de dire toute la

1168 2207 603 138 vérité et rien que la vérité;

1240 2406 2996 214 Et le Président ayant, en outre, rempli à leur égard les formalités proscrites par las articles 317 et 319 du Code d'instruction

1173 2559 256 122 criminelle;

1224 2630 77 163 (2)

1230 3125 3001 158 Ouï M. le Commissaire du Gouvernement en ses réquisitions tendant à ce que (3) le susnommé soit déclaré coupable

1235 3252 2965 163 des faits relevés contre lui dans l'ordre de mise en jugement et à ce qu'il lui soit fait application

1250 3364 2052 179 des articles 231, 232, 234, 248, 225 et 224 du code de justice militaire

1158 3680 3098 143 et l'accusé dans ses moyens de défense, tant par lui que par son défenseur, lesquels ont

1168 3788 3088 122 déclaré n'avoir rien à ajouter à leurs moyens de défense, et ont eu la parole les derniers, le Président a déclaré les débats terminés,

1173 3874 1506 133 et il a ordonné au défenseur et à l'accusé de se retirer.

1230 4088 3026 169 L'accusé a été reconduit par l'escorte à la prison ; le Commissaire du Gouvernement, le Greffier et les assistants dans

1173 4206 1333 112 l'auditoire de sont retirés sur l'invitation du Président (4);

1235 4257 3016 137 Le Conseil délibérant à huis clos, le Président a posé les questions, conformément à l'article 132 du Code de justice

1184 4364 612 112 militaire, ainsi qu'il suit:

1230 4399 2945 158 1^ère question _ Le détenu Pavot, Edouard, de l'atelier de travaux publics n^o 3, est-il coupable de désertion à

1235 4522 2797 112 l'intérieur en temps de guerre, en s'absentant, sans autorisation, de son atelier au camp de Loge Fontaine,

1219 4588 3042 143 commune de Ventelay, du 4 Juin 1917, date de son absence constatée, au 13 Juin 1917, date de son arrestation à la gare

1235 4659 403 113 de Noisy le sec?

1230 4721 2419 153 2^e Question - A-t-il emporte, en désertant, des effets militaires qu'il n'a pu représenter?

1240 4823 2950 152 3^e Question - Est-il coupable d'avoir, le 4 Juin 1917, à Bouvancourt, vole des effets à habillement au

1230 4904 1138 133 préjudice d'un artilleur demeuré inconnu?

1245 4986 2981 183 4^e question - Est-il coupable d'avoir, le 13 Juin 1917, à Noisy le sec, vole une lampe électrique, un révolver

1245 5154 3006 117 (2) Indiquer si des témoins ont été entendus sans prestation de serment, et pour quel motif ; dire que les pièces de conviction, s'il y en a, ont été représentées.

1199 5225 3047 107 Indiquer, en outre, ses incidents qui ont pu ce produire, en ayant soin de préciser à quel moment du débat ils ont en lieu, ses conclusions des parties, les

1184 5297 3052 97 réquisitions du ministère public, les moyens de défense présentés par l'accusé, et enfin le jugement motivé du Conseil. Dans le cas où le blanc laisse ici ne suf-

1189 5348 3057 107 firait pas pour insérer toutes ces mentions, on devra indiquer l'incident et le moment du débat il s'est produit, en ajoutant qu'il y a été statué par jugement

1184 5409 3067 122 séparé, lequel est joint et annexé au présent, et alors le jugement séparé doit indiquer la publicité de l'audience, se terminer par la même formule et être signé

1189 5470 3067 112 de la même manière que le jugement principal, en mentionnant qu'il y sera annexé comme en taisant partie. En cas de suspension d'audience et de remise au

1179 5541 1944 107 lendemain, la mention qui constate cette remise est signée par le Président et le Greffier seulement.

1240 5597 2649 123 (3) Indiquer si les réquisitions tendent à la déclaration de culpabilité et, dans ce cas, les articles de loi dont l'application est demandée.

1235 5669 2271 117 (4) S'il y a une chambre des délibérations, on mettra que le Tribunal s'est retiré dans la chambre des délibérations.

1424.0 5786.0 1526.0 97.0 Conseil de guerre. - N^o 967 de la Nomenclature générale. - Formule n^o 16.

1240 5093 622 117 (1) Et à décharge (s'il y en a).
