3529 6087
162 1325 2971 159 Les voix recueillies séparément, conformément à l'article 131 du Code de justice militaire, en commençant par le grade inférieur,

111 1443 1986 129 le Président ayant émis son opinion le dernier, le Conseil de guerre permanent déclare

879 1771 1083 153 A l'unanimité non

155 2576 2974 122 Sur quoi, et attendu les conclusions prises par le Commissaire du Gouvernement dans ses réquisitions, le Président a lu le texte

111 2668 3015 108 de la loi, recueilli de nouveau les voix dans la forme prescrite par les articles 131 et 134 du Code de justice militaire pour l'appli-

106 2739 422 111 cation de la peine.

162 2823 2463 108 Le Conseil est rentré en séance publique, le Président a lu les motifs qui précèdent et le dispositif et dessous.

165 2891 3018 98 En conséquence, le Conseil (1) acquitte le soldat Gibernon Marius, susqualifié

148 2962 3046 105 de l'accusation dirigée contre lui et le Président ordonne qu'il soit mis

145 3043 2944 108 en liberté s'il n'est retenu pour autre cause par application de l'article

145 3128 1830 104 136 du Code de Justice militaire ainsi conçu:

382 3222 2693 135 Art^e 136 C.J.M -... « si l'accusé n'est pas reconnu coupable le conseil

172 3310 2923 149 prononce son acquittement, et le président ordonne qu'il soit mis en liberté,

162 3398 1607 112 s'il n'est retenu pour autre cause. ---

131 5488 2978 142 (1) Avoir soin de spécifier, s'il y a lieu, après t'indication de la peine infligée, la décision motivée du Conseil relative à ma non-imputation pour tout ou

77 5579 1350 85 partie de la détention préventive sur la durée de la peine prononcée.
