4269 6136
102 153 3307 194 1^ere question. Le Detenu Mallot, Vincent de l'atelier de Travaux publics n^o 3

117 296 3169 199 est-il coupable de desertion à l'intérieur en temps de Guerre, pour s'être

117 439 3399 189 absenté ; sans autorisation de son détachement à Loge Fontaine du 5 Juin 1917

117 567 3404 220 jour de l'absence constatée, au 2 Juillet 1917. jour de son arrestation par les Gendarmes

127 720 686 149 à Diors (Indre)

112 843 3358 220 2^e Question: a-t il emporté en désertant des effets militaires qu'il n'a pu repré

107 971 369 199 senter?

214 1314 3005 148 Les voix recueillies séparément, conformément à l'article 131 du Code de justice militaire, en commençant par le grade inférieur,

168 1426 1986 148 le Président ayant émis son opinion le dernier, le Conseil de guerre permanent déclare

148 1590 2964 153 _ Sur la 1^ere Question A l'Unanimité l'accusé est Coupable

138 1835 2119 215 sur la 2^e Question. à unanimité. Oui

496 2137 2554 235 à la majorité, il existe des Circonstances attenuantes.

225 2561 3010 159 Sur quoi, et attendu les conclusions prises par le Commissaire du Gouvernement dans ses réquisitions, le Président a lu le texte

174 2679 3061 123 de la loi, recueilli de nouveau les voix dans la forme prescrite par les articles 131 et 134 du Code de militaire pour l'appli-

179 2766 425 102 cation de la peine.

240 2812 2508 143 Le Conseil est rentré en séance publique, le Président a lu les motifs que précèdent et le dispositif ci-dessous.

240 2899 3250 158 En conséquence, de Conseil (1) , attendu que le détenu Mallot, Vincent, susqualifié a deja été condamné le

127 3001 3389 159 25 Janvier 1917 à la peine de Quatre ans de Travaux publics pour desertion par le Conseil de Guerre de la 24^e

133 3139 3373 138 Division, jugement définitif ainsi qu'il résulte du bulletin n^o 2 annexé à la procédure; attendu dès lors qu'il est

133 3252 3414 168 constant que Mallot a deserte autérieurement, le condamne à la Majorité de Trois voix contre Deux,

127 3374 3404 169 a la peine de Quatre ans de prison, par application des articles 231. 232. 234, du Code de Justice mili-

133 3512 3357 159 taire; le condamne en outre aux frais envers l'Etat et fixe au minimum la durée de la contrainte par

127 3620 3353 174 Cops, en vertu des articles 139 du C. de Justice Militaire, 9 de la loi du 22 Juillet 1867, et 1^er de la loi du 19 Juillet 1901.

148 3753 3394 148 Les articles visés ont été lus publiquement pas le Président, et les articles relatifs a la pénalité sont ainsi conçus

143 3865 3394 189 Art 232 du C. J. M. sont sous officier, caporal Brigadier et soldat coupable de désertion à l'intérieur en temps de paix est puni..-

143 3998 3378 148 et de deux à cinq ans de Travaux publics si la desertion a eu lieu en temps de Guerre... La peine ne peut etre moindre de trois

138 4100 3342 190 ans ... de Travaux publics, suivant les cas, dans les circonstances suivantes : 1^o Si le Coupable a emporté une de ses armes;

138 4249 1244 158 un objet d'équipement ou d'habillement...

143 4361 3327 179 Art. 1^er loi du 19 Juillet 1901. Tous les Tribunaux militaires, tant de l'armée de terre que de l'armée de mer, pourront à

153 4509 3378 133 l'avenir, en temps de paix et même en temps de Guerre, admettre des circonstances atténuantes à tous les crimes & délits

138 4591 3317 138 réprimés tant par les codes de Justice militaire de l'armee de terre et de l'armée de mer.... Si la peine est

138 4704 2922 158 celle des Travaux publics, le Conseil de Guerre appliquera un emprisonnement de deux mois à Cinq ans.

158 4816 3358 154 art 9 de la loi du 22 Juillet 1867. La durée de la Contrainte par corps est réglée ainsi qu'il suit, deux jours à vingt

153 4944 2739 184 jours, lorsque l'Amende & les autres condamnations n'excedent pas Cinquante francs.

240 5599 3015 107 (1) Avoir soin de spécifier, s'il y a lieu, après t'indication de la peine infligée, la décision motivée du Conseil relative à ma non-imputation pour tout ou

199 5645 1341 138 partie de la détention préventive sur la durée de la peine prononcée.
