3572 6015
357.0 200.0 2867.0 201.0 Enjoint au Commissaire du Gouvernement de faire donner immédiatement en sa présence lecture du présent jugement au

321 320 1525 166 condamné devant la garde rassemblée sous les armes,

306 315 3060 251 de avertir que la loi accorde un délai de trois jours francs pour se pourvoir en cassation (1), ou de vingt-quatre heures

316 501 722 150 pour se pourvoir en revision (2).

364.0 578.0 2569.0 197.0 FAIT, clos et jugé sans désemparer, en séance publique, à Chalons s. Marne, les jour, mois et an que dessus.

371.0 731.0 2996.0 204.0 En conséquence, LE PRÉSIDENT DE LA RÉPUBLIQUE MANDE et ORDONNE à tous huissiers sur ce requis de mettre ledit jugement à

321.0 805.0 3046.0 210.0 exécution; aux Procureurs généraux et aux Procureurs de la République près les tribunaux de première instance d'y tenir la

317.0 898.0 2729.0 178.0 main; à tous commandants et officiers de la force publique de prêter main-forte lorsqu'ils en seront légalement requis.

394.0 1042.0 2124.0 197.0 En foi de quoi le présent jugement a été signé par les Membres du Conseil et par le Greffier.

581 1318 397 265 +

988 1167 722 517 +

1605 1273 431 411 +

2061 1378 437 346 +

2598 1203 763 496 +

3000 1533 396 256 +

401.0 1787.0 2910.0 171.0 L'an mil neuf cent dix huit le deux Juillet le présent jugement a été lu par nous, Greffier soussigné, au condamné

1454 1829 1967 181 averti par le Commissaire du Gouvernement que l'article 44 de la loi du 17 avril

361 1919 2724 196 1906 accorde trois jours pour se pourvoir en cassation (1), ou que les articles 141 et 143 du Code de justice militaire

361 1994 2894 191 accordent vingt-quatre heures pour se pourvoir en revision (2), lesquels commencent à courir de l'expiration du présent jour.

3286 1984 110 146 Cette

360 2138 1452 110 lecture faite en présence de la garde rassemblée sous les armes.

1028 2235 778 130 Le Commissaire du Gouvernement,

1133 2375 442 301 +

2548 2235 246 110 Le Greffier,

2588 2315 427 286 +

1585 2706 642 146 EXÉCUTOIRE.

438.0 2980.0 1585.0 214.0 Vu la procédure instruite contre le Naudier

642 3167 2192 221 1^o Coût du transport des pièces et objets pouvant servie à conviction ou à décharge................. ......

642 3298 2197 160 2^o Honoraires des officiers de santé, médecins, chirurgiens civils, sages-femmes, experts, interprètes, traducteurs et

735.0 3368.0 2101.0 137.0 autres, appelés en justice.................................................................

642 3423 2192 150 3^o Indemnités accordées aux témoins civils et militaires..............................................

652.0 3488.0 2180.0 141.0 4^o Frais de garde de scellés et ceux de mise en fourrière.............................................

648.0 3558.0 2188.0 127.0 5^o Indemnités de route, de transport et de séjour, accordées aux membres des tribunaux militaires pour les dépla-

742.0 3612.0 2110.0 140.0 cements auxquels l'instruction des procédures peut donner lieu, ainsi que toutes autres dépenses nécessitées

735.0 3679.0 2117.0 127.0 de ce chef..............................................................................

657 3739 2187 145 6^o Port des lettres et paquets pour l'instruction, sauf le port des lettres résultant de l'application de la loi du

712.0 3816.0 2137.0 107.0 15 juin 1899............................................................................

657 3864 2187 146 7^o Frais l'impression des arrêts, jugements et ordonnances de justice, quand il y a lieu..................

657 3924 2192 141 8^o Prime de capture des contumax, des déserteurs et des insoumis......................................

662 3969 2408 161 9^o Frais résultant de l'obtention des extraits du casier judiciaire......................................... 0.25

662 4055 2192 135 10^o Prix du bulletin n^o 1 et du duplicata dudit (décret du 12 décembre 1899, art. 13).....................

662 4115 2192 145 11^o Coût des bulletins n^o 1 et du duplicata de ces bulletins établis par les greffiers des conseils de guerre au sujet

677 4165 2368 130 des condamnations prononcées par ces conseils (décret du 12 décembre 1899, art. 13).................... 0.55

662 4220 2373 160 12^o Frais de procédure ou coût du jugement........................................................ 12^f 00

662 4300 2202 146 13^o Amende.........................................................................................

668.0 4377.0 2201.0 120.0 14^o Décimes additionnels (en France)...............................................................

672.0 4441.0 2200.0 113.0 15^o Frais fixes de procédure devant la Cour de cassation ou le Conseil de revision...........................

672.0 4491.0 2190.0 123.0 16^o Frais fixes de procédure devant le Conseil de guerre jugeant en 2^e instance.............................

1479 4571 1601 195 TOTAL.................................................. 12^f 80

496 4736 2965 196 Vu le dispositit du jugement défnitif, l'article 189 du Code de justice militaire, le Président du, Conseil de guerre

461 4852 2789 165 permanent de la du Q.G. de la IV^e Armée liquide les frais dont l'état est ci-dessus à la somme de douze francs 80

1575.0 4925.0 1900.0 127.0 du montant de laquelle il délivre le présent exécutoire, pour le recouvrement de

451 4992 2935 175 ladite somme être poursuivi sur les biens présents et à venir du condamné, par les percepteurs des Contributions directes.

508.0 5075.0 2973.0 161.0 En conséquence, LE PRÉSIDENT DE LA RÉPUBLIQUE MANDE ET ORDONNE a tous huissiers sur ce requis de mettre ledit jugement à

461.0 5152.0 3010.0 144.0 exécution; aux Procureurs généraux et aux Procureurs de la République près les tribunaux de première instance d'y tenir la

474.0 5243.0 2713.0 140.0 main; à tous commandants et officiers de la force publique de prêter main-forte lorsqu'ils en seront légalement requis.

516 5313 2469 160 Fait en la Chambre du Conseil de guerre susdit, à Chalons sur Marne, le deux Juillet 1918

70 3528 155 1133 Jugement devenu définitif le 2 juillet 1918

130 3588 165 1063 Par décision de M. le Général Commandant

190 3619 171 1032 la 14e Armée endate du 8 Juillet 198

270 3563 171 1078 l'exécution de la peine a été suspendue

331 3533 190 1098 Détention Préventive du 29 mai au 5 Juillet 1918

431 3714 171 762 L'Officier d'Administration greffier

526 3874 206 246 +

521 5654 793 95 (1) En France, en Algérie et en Tunisie.

531 5689 617 150 (2) Aux colonies et aux armées.

2423 5438 286 160 Le Président,

2322 5428 632 471 +

398.0 3154.0 882.0 117.0 et les frais d'icelle dont le détail suit:
