3623 5877
633.0 284.0 2872.0 186.0 2^e Question - ledit Naudier a-t-il commis cette soustraction

277.0 398.0 3120.0 150.0 frauduleusement au départ de la compagnie des chemins de fer de la Camargue

264 494 3231 196 alors qu'il était ouvrier salarié de cette Compagnie le 18 Mars 1918?

574.0 927.0 2921.0 179.0 II a été voté au scrutin secret conformément à l'article 131 du Code de Justice militaire

294.0 1038.0 3119.0 156.0 sur chacune de ces questions ainsi que sur les circonstances atténuantes et l'application de la loi de sursis.

558.0 1149.0 2806.0 147.0 Le Président a dépouillé chaque scrutin en présence des Juges du Conseil de Guerre; de ces

284.0 1257.0 2146.0 114.0 dépouillement successifs et résulte que le Conseil de guerre déclare:

349.0 1348.0 2911.0 104.0 Les voix recueillies séparément, conformément à l'article 131 du Code de justice militaire, en commençant par le grade inférieur,

284 1405 1956 137 le Président ayant émie sen opinion le dernier, le Conseil de guerre permanent déclare

614.0 1570.0 1872.0 150.0 Sur la 1^ere question, à l'unanimité: oui

594.0 1759.0 1957.0 147.0 Sur la 2^e question à l'unanimité: non

571.0 1923.0 2535.0 140.0 A la majorité, il existe des circonstances atténuantes

343.0 2559.0 2950.0 115.0 Sur quoi, et attendu les conclusions prises par le Commissaire du Gouvernement dans ses réquisitions, le Président a lu le texte

299 2649 205 118 de la loi,

524 2654 2755 108 recueilli de nouveau les voix dans la forme prescrite par les articles 131 et 184 du Code de justice militaire pour l'appli-

303 2727 412 108 cation de la peine,

730 2727 2540 113 et le Conseil de guerre a délibéré sur l'application de la peine conformément à l'article 134

318 2806 2500 103 Le Conseil est rentré en séance publique, le Président a lu les motifs qui précèdent et le dispositif ci-dessous.

2823 2796 471 108 du Code de Justice

372 2874 677 123 En conséquence, le Conseil (1)

1063 2874 2280 108 militaire, le Président a en conséquence recueilli les voix en commençant

290.0 2954.0 3042.0 115.0 par le grade inférieur et a émis son opinion le dernier; le Conseil est rentré en séance publique

300.0 3026.0 2202.0 108.0 le Président a lu les motifs qui précèdent et le dispositif ci dessous

323.0 3088.0 2950.0 154.0 En conséquence, le Conseil condamne ledit Naudier, à la majorité de

261.0 3199.0 3012.0 157.0 trois voix contre deux à la peine de Trois mois de prison

573 3305 2711 142 le condamne en outre aux frais envers l'Etat et, à l'unanimité,

267.0 3421.0 3026.0 160.0 fixe au minimum établi par la loi, la durée le la contrainte par corps

539.0 3532.0 2848.0 167.0 Le tout par application des articles 379, 401, 463 du Code Pénal 139.267 Code de

287.0 3653.0 1810.0 137.0 Justice militaire - 9 de le loi au 22 juillet 1867

944.0 3748.0 2437.0 143.0 Ceux des articles exécutant la peine ont été lus publiquement

584.0 3862.0 1575.0 144.0 par le Président et sont ainsi conçus:

937.0 3927.0 2339.0 134.0 Art. 401 Code Pénal « Les autres vols non spécifiés dans la

931.0 4058.0 2368.0 127.0 « présente section... seront punis d'un emprisonnement

927.0 4198.0 1644.0 108.0 d'un an au mois et de cinq au plus...

980.0 4267.0 2551.0 173.0 Art- 463 Code Pénal, « Dans tous les cas ou le peine de l'empri-

918.0 4414.0 2492.0 134.0 « sonnement et celles de l'amende sont prononcés par le

921.0 4508.0 2646.0 147.0 « Code Pénal, si les circonstance paraissent atténuantes, les tribunaux

918.0 4659.0 2593.0 127.0 « correctionnels sont autorisés, même en cas de récidive à réduire

921 4750 2133 152 « l'emprisonnement même au dessous de six jours.

343 5529 2990 108 (1) Avoir soin de spécifier, s'il y a lieu, après t'indication de la peine infligée, la décision motivée du Conseil relative à ma non-imputation pour tout ou

307.0 5592.0 1326.0 98.0 partie de la détention préventive sur la durée de la peine prononcée.
