3684 6015
421.0 193.0 2982.0 121.0 La séance ayant été ouverte, le Président a fait apporter et déposer devant lui, sur le bureau, un exemplaire du Code de justice

361.0 290.0 2958.0 90.0 militaire, du Code d'instruction criminelle et du Code pénal ordinaire, et ordonné à la garde d'amener l'accusé, qui a

356 355 3021 111 été introduit, libre et sans fers, devant le Conseil, accompagné de son défenseur M^r Gromolard, sapeur

357.0 431.0 1578.0 153.0 télégraphiste au 8^e régiment de Génie.

417.0 822.0 2926.0 130.0 Interrogé de ses nom, prénoms, âge, lieu de naissance, état profession et domicile l'accusé

444.0 912.0 716.0 110.0 a répondu se nommer:

718.0 1055.0 2417.0 178.0 Lambelin Alphonse Jeanne marié; 30 ans, né à

431.0 1176.0 2868.0 160.0 Aÿ, arrondissement de Reims, Marne, marié un enfant, libraire

434.0 1309.0 1942.0 137.0 imprimeur demeurant à Epernay, Marne.

404.0 1784.0 2985.0 117.0 Le Président, après avoir fait lire par le greffier l'ordre de convocation, le rapport prescrit par l'article 108 du Code de justice

354.0 1871.0 2855.0 100.0 militaire, et les pièces dont la lecture lui a paru nécessaire, a fait connaître a l'accusé les faits à raison desquels il est

357.0 1958.0 2574.0 90.0 poursuivi, et lui a donné, ainsi qu'au défenseur, l'avertissement indiqué en l'article 121 dudit Code;

407.0 2031.0 2979.0 97.0 Après quoi, il a procédé à l'interrogatoire de l'accusé et a fait entendre publiquement et séparément les témoins à charge (1)

902.0 2108.0 2487.0 97.0 ; lesdits témoins ayant au préalable prêté serment de parler sans haine et sans crainte, juré de dire toute la

347.0 2175.0 635.0 100.0 vérité et rien que la vérité;

407.0 2416.0 2979.0 133.0 Et le Président ayant, en outre, rempli à leur égard les formalités prescrites par les articles 317 et 319 du Code d'instruction

354.0 2502.0 271.0 94.0 criminelle;

396 2561 80 150 (2)

394.0 3077.0 3062.0 154.0 Ouï M. le Commissaire du Gouvernement en ses réquisitions tendant à ce que (3) l'accusé soit déclaré coupable

324.0 3208.0 3202.0 133.0 des faits relevés contre lui dans l'ordre de mise en jugement et qu'il lui soit

334.0 3294.0 3216.0 147.0 fait application des article 242-267 du Code de Justice militaire; 849 de la

324.0 3388.0 3015.0 144.0 loi du 9 aout 1849 modifié par la loi du 27 Avril 1916 - 156, 164 du Code Pénal

337.0 3659.0 3059.0 113.0 et l'accusé dans ses moyens de défense, tant par lui-même que par son défenseur, lesquels ont

337.0 3749.0 3052.0 100.0 déclaré n'avoir rien à ajouter à leurs moyens de défense, et ont eu la parole les derniers, le Président a déclaré les débats terminés,

337.0 3816.0 1508.0 113.0 et il a ordonné au défenseur et a l'accusé de se retirer.

394.0 4056.0 2989.0 124.0 L'accusé a été reconduit par l'escorte à la prison; le Commissaire du Gouvernement, le Greffier et les assistants dans

337.0 4140.0 1334.0 110.0 l'auditoire se sont retirés sur l'invitation du Président (4);

397.0 4220.0 2989.0 107.0 Le Conseil délibérant à huis clos, le Président a posé les questions, conformément à l'article 132 du Code de justice

340.0 4307.0 639.0 87.0 militaire, ainsi qu'il suit:

668.0 4357.0 2959.0 150.0 1^ere Question: Le nomme Lambelin Alphonse Jeanne Ferdinand imprimeur libraire demeurant

330.0 4457.0 3180.0 124.0 à Epernay est-il, coupable d'avoir le 27 Novembre 1917 à Epernay- Marne favorisé la désertion

344.0 4544.0 3149.0 130.0 à l'intérieur en temps de guerre du soldat de 2^e lasse Grégoire du 4^e régiment de Zouaves en

336 4621 1375 105 lui procurant une fausse permission?

665.0 4701.0 2748.0 131.0 2^e question: Est-il coupable d'avoir aux mêmes date et lieu fabrique

341 4781 2866 126 une fausse permission ayant tenu lieu de feuille de route audit soldat Grégoire?

788.0 4862.0 2484.0 127.0 Question:- Est-il, coupable d'avoir le 13 décembre 1917, audit lieu

354.0 4932.0 2962.0 147.0 favorisé la désertion à l'intérieur en temps de guerre du soldat de 2^e classe Brèbion

371 5052 632 75 (1) Et à décharge (s'il y en a).

1008 5052 1707 85 du 4^e Zouaves en lui procurant une fausse permission?

381 5097 2991 110 (2) Indiquer si des témoins ont été entendus sans prestation de serment, et pour quel motif ; dire que les pièces de conviction, s'il y en a, ont été représentées.

331 5147 3041 116 Indiquer, en outre, ses incidents qui ont pu ce produire, en ayant soin de préciser à quel moment du débat ils ont en lieu, ses conclusions des parties, les

341 5218 3026 105 réquisitions du ministère public, les moyens de défense présentés par l'accusé, et enfin le jugement motivé du Conseil. Dans le cas où le blanc laisse ici ne suf-

341 5278 3026 105 firait pas pour insérer toutes ces mentions, on devra indiquer l'incident et le moment du débat il s'est produit, en ajoutant qu'il y a été statué par jugement

341 5338 3051 110 séparé, lequel est joint et annexé au présent, et alors le jugement séparé doit indiquer la publicité de l'audience, se terminer par la même formule et être signé

341 5403 3051 115 de la même manière que le jugement principal, en mentionnant qu'il y sera annexé comme en taisant partie. En cas de suspension d'audience et de remise au

341 5463 1922 110 lendemain, la mention qui constate cette remise est signée par le Président et le Greffier seulement.

381 5523 2645 116 (3) Indiquer si les réquisitions tendent à la déclaration de culpabilité et, dans ce cas, les articles de loi dont l'application est demandée.

381.0 5587.0 2253.0 113.0 (4) S'il y a une chambre des délibérations, on mettra que le Tribunal s'est retiré dans la chambre des délibérations.

592 5709 1470 95 Conseil de guerre. - N^o 967 de la Nomenclature générale. - Formule n^o 16.
