3572 6015
257.0 230.0 3010.0 154.0 La séance ayant été ouverte, le Président a fait apporter et déposer devant lui, sur le bureau, un exemplaire du Code de justice

204.0 324.0 2980.0 137.0 militaire, du Code d'instruction criminelle et du Code pénal ordinaire, et ordonné à la garde d'amener l'accusé, qui a

204.0 394.0 3026.0 154.0 été introduit, libre et sans fers, devant le Conseil, accompagné de son défenseur M^e Gromolard, sapeur

210.0 491.0 1539.0 167.0 télégraphiste au 8^e régiment de Génie

270.0 848.0 2930.0 174.0 Interrogé de ses nom, prénoms, âge, lieu de naissance, état profession et domicile l'accusé

290.0 992.0 659.0 114.0 a répondu se nommer

458.0 1089.0 2909.0 180.0 Missika René, vingt un ans, né à Alger, célibataire, peintre

294.0 1206.0 3063.0 170.0 en batiment, demeurant à Alger, actuellement, 2^e Canonnier servant

311.0 1319.0 1314.0 144.0 au 22^e régiment d'artillerie

280.0 1821.0 3004.0 170.0 Le Président, après avoir fait lire par le greffier l'ordre de convocation, le rapport prescrit par l'article 108 du Code de justice

224.0 1918.0 2916.0 147.0 militaire, et les pièces dont la lecture lui a paru nécessaire, a fait connaître a accusé les faits à raison desquels il est

227.0 1998.0 2599.0 147.0 poursuivi, et lui a donné, ainsi qu'au défenseur, l'avertissement indiqué en l'article 121 dudit Code;

280.0 2058.0 3014.0 147.0 Après quoi, il a procédé à l'interrogatoire de l'accusé et a fait entendre publiquement et séparément les témoins à charge (1)

792.0 2145.0 2502.0 147.0 ; lesdits témoins ayant au préalable prêté serment de parler sans haine et sans crainte, juré de dire toute la

227.0 2268.0 635.0 101.0 vérité et rien que la vérité;

277.0 2479.0 3020.0 147.0 Et le Président ayant, en outre, rempli à leur égard les formalités prescrites par les articles 317 et 319 du Code d'instruction

237.0 2606.0 261.0 90.0 criminelle;

290 2666 86 125 (2)

456 2606 3000 165 M^e le Medecin Major Noailles régulièrement il citté, n'a pas comparu; d'accord

250.0 2716.0 3258.0 147.0 avec les parties le conseil a ordonné qu'il soit passé outre aux débats, conformément à l'article

260.0 2800.0 2984.0 177.0 126 du Code de justice militaire; lecture de son rapport a été donné par le greffier

294.0 3141.0 3211.0 190.0 Ouï M. le Commissaire du Gouvernement en ses réquisitions tendant à ce que (3) l'accusé soit déclaré coupable

210.0 3244.0 3154.0 221.0 des faits retenus contre lui dans l'ordre de mise en jugement et qu'il

207.0 3371.0 3194.0 191.0 lui soit fait application de l'articles 213 du Code de Justice militaire

250.0 3715.0 3084.0 157.0 et l'accusé dans ses moyens de défense, tant par lui que par son défenseur, lesquels ont

250.0 3806.0 3077.0 140.0 déclaré n'avoir rien à ajouter à leurs moyens de défense, et ont en la parole les derniers, le Président a déclaré les débats terminés,

254.0 3903.0 1518.0 130.0 et il a ordonné au défenseur et a l'accusé de se retirer.

321.0 4116.0 3010.0 154.0 L'accusé a été reconduit par l'escorte à la prison; le Commissaire du Gouvernement, le Greffier et les assistants dans

264.0 4230.0 1314.0 120.0 l'auditoire se sont retirés sur l'invitation du Président (4);

324.0 4294.0 3017.0 127.0 Le Conseil délibérant à huis clos, le Président a posé les questions, conformément à l'article 132 du Code de justice

264.0 4407.0 625.0 107.0 militaire, ainsi qu'il suit:

642.0 4481.0 2695.0 193.0 1^ere question. - le 2^e Canonnier menant Missika René

307.0 4608.0 3117.0 210.0 de la 101^e batterie du 22^e régiment d'Artillerie est il coupable d'avoir

277.0 4721.0 3007.0 214.0 dans le courant du mois d'Octobre 1917, à Alger, ou dans toute

297.0 4838.0 3010.0 187.0 autre localité en France ou en Algérie, abandonnée son poste, en se

301 4927 3160 215 faisant volontairement au pied droit, par application d'en caustique

344.0 5166.0 595.0 70.0 (1) Et à décharge (s'il y en a).

341 5167 3010 136 (2) Indiquer si des témoins ont été entendus sans prestation de serment, et pour quel motif ; dire que les pièces de conviction, s'il y en a, ont été représentées.

285 5233 3066 125 Indiquer, en outre, ses incidents qui ont pu ce produire, en ayant soin de préciser à quel moment du débat ils ont en lieu, ses conclusions des parties, les

290 5293 3056 135 réquisitions du ministère public, les moyens de défense présentés par l'accusé, et enfin le jugement motivé du Conseil. Dans le cas où le blanc laisse ici ne suf-

290 5353 3066 135 firait pas pour insérer toutes ces mentions, on devra indiquer l'incident et le moment du débat il s'est produit, en ajoutant qu'il y a été statué par jugement

290 5423 3066 130 séparé, lequel est joint et annexé au présent, et alors le jugement séparé doit indiquer la publicité de l'audience, se terminer par la même formule et être signé

290 5478 3071 125 de la même manière que le jugement principal, en mentionnant qu'il y sera annexé comme en taisant partie. En cas de suspension d'audience et de remise au

294.0 5563.0 1940.0 104.0 lendemain, la mention qui constate cette remise est signée par le Président et le Greffier seulement.

354.0 5617.0 2622.0 113.0 (3) Indiquer si les réquisitions tendent à la déclaration de culpabilité et, dans ce cas, les articles de loi dont l'application est demandée.

347.0 5687.0 2251.0 114.0 (4) S'il y a une chambre des délibérations, on mettra que le Tribunal s'est retiré dans la chambre des délibérations.

545.0 5764.0 1501.0 134.0 Conseil de guerre. - N^o 967 de la Nomenclature générale. - Formule n^o 16.
