3572 6015
284.0 197.0 3000.0 127.0 La séance ayant été ouverte, le Président a fait apporter et déposer devant lui, sur le bureau, un exemplaire du Code de justice

227.0 297.0 2970.0 107.0 militaire, du Code d'instruction criminelle et du Code pénal ordinaire, et ordonné à la garde d'amener l'accusé, qui a

224.0 380.0 3063.0 111.0 été introduit, libre et sans fers, devant le Conseil, accompagné de son défenseur M^e Gromolard sapeur

227.0 457.0 1589.0 134.0 télégraphiste au 8^e régiment de peine.

294.0 822.0 2913.0 143.0 Interrogé de ses nom, prénoms, âge, lieu de naissance, état profession et domicile l'accusé

347.0 932.0 616.0 103.0 a répondu se nommer

471 972 2820 215 Naudier, Marc André, trente quatre ans né à Saint Denis,

193.0 1142.0 3041.0 151.0 arrondissement dudit, Réunion, veuf, deux enfants, mecanicien, domicilié à

207.0 1239.0 3017.0 167.0 Saint Denis, ile de la Reunion actuellement soldat de 2^e classe au 150^e

217.0 1380.0 1060.0 137.0 régiment d'Infanterie

284.0 1791.0 3000.0 143.0 Le Président, après avoir fait lire par le greffier l'ordre de convocation, le rapport prescrit par l'article 108 du Code de justice

230.0 1888.0 2897.0 110.0 militaire, et les pièces dont la lecture lui a paru nécessaire, a fait connaître a l'accusé les faits a raison desquels il est

230.0 1974.0 2592.0 111.0 poursuivi, et lui a donné, ainsi qu'au défenseur, l'avertissement indiqué en l'article 121 dudit Code;

290.0 2038.0 2994.0 120.0 Après quoi, il a procédé à l'interrogatoire de l'accusé et a fait entendre publiquement et séparément les témoins à charge (1)

792.0 2108.0 2492.0 120.0 ; lesdits témoins ayant au préalable prêté serment de parler sans haine et sans crainte, juré de dire toute la

234.0 2198.0 635.0 101.0 vérité et rien que la vérité;

290.0 2426.0 2994.0 147.0 Et le Président ayant, en outre, rempli à leur égard les formalités prescrites par les articles 317 et 319 du Code d'instruction

237.0 2522.0 304.0 117.0 criminelle;

290 2601 81 185 (2)

287.0 3104.0 3121.0 164.0 Ouï M. le Commissaire du Gouvernement en ses réquisitions tendant à ce que (3) l'accusé soit déclaré coupable

230.0 3218.0 3097.0 116.0 des faits relevés contre lui dans l'orde de mise en jugement et qu'il

237.0 3301.0 2977.0 160.0 lui soit fait application des articles 379-38643- du Code Pénal

237.0 3425.0 1645.0 130.0 et 267 du Code de justice militaire

234.0 3679.0 3067.0 133.0 et l'accusé dans ses moyens de défense, tant par lui que par son défenseur, lesquels ont

237.0 3769.0 3064.0 124.0 déclaré n'avoir rien à ajouter à leurs moyens de défense, et ont eu la parole les derniers, le Président a déclaré les débats terminés,

240.0 3856.0 1512.0 103.0 et il a ordonné au défenseur et a l'accusé de se retirer.

297.0 4083.0 3004.0 117.0 L'accusé a été reconduit par l'escorte à la prison; le Commissaire du Gouvernement, le Greffier et les assistants dans

244.0 4180.0 1327.0 107.0 l'auditoire se sont retirés sur l'invitation du Président (4);

301.0 4253.0 3000.0 117.0 Le Conseil délibérant à huis clos, le Président a posé les question, conformément à l'article 132 du Code de justice

244.0 4330.0 625.0 117.0 militaire, ainsi qu'il suit:

551.0 4394.0 2629.0 207.0 1^er question- le soldat de 2^e classe Naudia, Marc

240.0 4531.0 3107.0 197.0 André du 150^e régiment d'Infanterie, est il coupable d'avoir le

270.0 4634.0 3064.0 208.0 18 Mars 1918, à Nîmes, soustrait frauduleusement, un pantalon

270.0 4745.0 2937.0 204.0 et deux vestes de toile, au préjudice du sieur Gustave Joseph,

301 4842 2954 210 mécanicien à la campagne des chemins de fer de la Camargue?

304.0 5119.0 629.0 50.0 (1) Et à décharge (s'il y en a).

301 5097 3005 136 (2) Indiquer si des témoins ont été entendus sans prestation de serment, et pour quel motif ; dire que les pièces de conviction, s'il y en a, ont été représentées.

255 5192 3051 106 Indiquer, en outre, ses incidents qui ont pu ce produire, en ayant soin de préciser à quel moment du débat ils ont en lieu, ses conclusions des parties, les

255 5258 3041 100 réquisitions du ministère public, les moyens de défense présentés par l'accusé, et enfin le jugement motivé du Conseil. Dans le cas où le blanc laisse ici ne suf-

250 5313 3061 110 firait pas pour insérer toutes ces mentions, on devra indiquer l'incident et le moment du débat il s'est produit, en ajoutant qu'il y a été statué par jugement

260 5378 3046 105 séparé, lequel est joint et annexé au présent, et alors le jugement séparé doit indiquer la publicité de l'audience, se terminer par la même formule et être signé

260 5443 3046 100 de la même manière que le jugement principal, en mentionnant qu'il y sera annexé comme en taisant partie. En cas de suspension d'audience et de remise au

260.0 5513.0 1937.0 90.0 lendemain, la mention qui constate cette remise est signée par le Président et le Greffier seulement.

306 5568 2628 106 (3) Indiquer si les réquisitions tendent à la déclaration de culpabilité et, dans ce cas, les articles de loi dont l'application est demandée.

301 5629 2272 100 (4) S'il y a une chambre des délibérations, on mettra que le Tribunal s'est retiré dans la chambre des délibérations.

511.0 5744.0 1485.0 87.0 Conseil de guerre. - N^o 967 de la Nomenclature générale. - Formule n^o 16.
