3572 6015
448.0 187.0 2866.0 140.0 Enjoint au Commissaire du Gouvernement de faire donner immédiatement en sa présence lecture du présent jugement au

384.0 304.0 1559.0 90.0 condamne devant la garde rassemblée sous les armes,

401 340 3060 141 de avertir que la loi accorde un délai de trois jours francs pour se pourvoir en cassation (1), ou de vingt-quatre heures

401.0 454.0 712.0 110.0 pour se pourvoir en revision (2).

444.0 581.0 2582.0 144.0 FAIT, clos et jugé sans désemparer, en séance publique, à Chalons sur Marne, les jour, mois et an que dessus.

444.0 731.0 3014.0 124.0 En conséquence, LE PRÉSIDENT DE LA RÉPUBLIQUE MANDE et ORDONNE à tous huissiers sur ce requis de mettre ledit jugement à

384.0 822.0 3074.0 117.0 exécution; aux Procureurs généraux et aux Procureurs de la République près les tribunaux de première instance d'y tenir la

387.0 898.0 2740.0 111.0 main; à tous commandants et officiers de la force publique de prêter main-forte lorsqu'ils en seront légalement requis.

448.0 1019.0 2150.0 133.0 En foi de quoi le présent jugement a été signé par les Membres du Conseil et par le Greffier.

627 1253 416 315 +

2187 1328 441 361 +

1098 1132 738 517 +

2684 1172 707 477 +

1670 1228 522 471 +

2985 1488 280 241 +

448.0 1771.0 2883.0 113.0 L'an mil neuf cent dix huit le deux Juillet le présent jugement a été lu par nous, Greffier soussigné, au condamné

1484 1844 1962 120 averti par le Commissaire du Gouvernement que l'article 44 de la loi du 17 avril

408.0 1934.0 2749.0 97.0 1906 accorde trois jours pour se pourvoir en cassation (1), ou que les articles 141 et 143 du Code de justice militaire

396 2005 2900 100 accordent vingt-quatre heures pour se pourvoir en revision (2), lesquels commencent à courir de l'expiration du présent jour,

3321 1959 120 136 Cette

384 2078 3004 104 lecture faite en présence de la Garde rassemblée sous les armes. Le Commissaire Rapporteur a en outre averti au condamné Lambelin

406 2140 1524 125 l'avertissement prescrit par l'article 3 de la loi du 26 mars 1891.

1076.0 2205.0 770.0 107.0 Le Commissaire du Gouvernement,

1173 2305 442 271 +

2593 2190 241 130 Le Greffier,

2518 2305 416 301 +

55 3283 175 1328 Jugement définitif le deux Juillet 1918

195 3258 126 1358 détention préventive du onze mai au trois

270 4225 146 391 Juillet 1918

386 3724 165 245 +

1610 2666 627 191 EXÉCUTOIRE.

448.0 2980.0 1461.0 134.0 Vu la procédure instruite contre le M^e Lambelin

401.0 3091.0 890.0 127.0 et les frais d'icelle dont le détail suit:

642 3172 2207 156 1^o Coût du transport des pièces et objets pouvant servie à conviction ou à décharge................. ......

637 3288 2227 110 2^o Honoraires des officiers de santé, médecins, chirurgiens civils, sages-femmes, experts, interprètes, traducteurs et

735.0 3361.0 2117.0 84.0 autres, appelés en justice.................................................................

637 3398 2212 110 3^o Indemnités accordées aux témoins civils et militaires..............................................

642 3468 2212 110 4^o Frais de garde de scellés et ceux de mise en fourrière.............................................

637 3533 2207 106 5^o Indemnités de route, de transport et de séjour, accordées aux membres des tribunaux militaires pour les dépla-

735.0 3609.0 2121.0 83.0 cements auxquels l'instruction des procédures peut donner lieu, ainsi que toutes autres dépenses nécessitées

735.0 3662.0 2121.0 87.0 de ce chef..............................................................................

647 3714 2207 120 6^o Port des lettres et paquets pour l'instruction, sauf le port des lettres résultant de l'application de la loi du

735.0 3789.0 2114.0 90.0 15 juin 1899............................................................................

647 3834 2197 120 7^o Frais l'impression des arrêts, jugements et ordonnances de justice, quand il y a lieu..................

642 3909 2202 95 8^o Prime de capture des contumax, des déserteurs et des insoumis......................................

642 3969 2388 111 9^o Frais résultant de l'obtention des extraits du casier judiciaire......................................... 0.25

627 4025 2217 105 10^o Prix du bulletin n^o 1 et du duplicata dudit (décret du 12 décembre 1899, art. 13).....................

627 4095 2217 100 11^o Coût des bulletins n^o 1 et du duplicata de ces bulletins établis par les greffiers des conseils de guerre au sujet

762.0 4167.0 2261.0 90.0 des condamnations prononcées par ces conseils (décret du 12 décembre 1899, art. 13).................... 0.40

627 4220 2408 105 12^o Frais de procédure ou coût du jugement........................................................ 12^f 00

627 4280 2342 100 13^o Amende......................................................................................... 3000

627 4340 2337 116 14^o Décimes additionnels (en France)............................................................... 730

627 4400 2222 111 15^o Frais fixes de procédure devant la Cour de cassation ou le Conseil de revision...........................

632.0 4474.0 2214.0 100.0 16^o Frais fixes de procédure devant le Conseil de guerre jugeant en 2^e instance.............................

1429 4541 1636 205 TOTAL.................................................. 3762^f 65

458.0 4728.0 2996.0 147.0 Vu le dispositif du jugement définitif, l'article 139 du Code de justice militaire, le Président du- Conseil de guerre

411 4817 241 145 permanent

667 4837 2829 130 de la IV^e Armée liquide les frais dont l'état est ci-dessus à la somme de trois mille sept cent soixante

401.0 4918.0 3063.0 104.0 deux francs 65 centimes du montant de laquelle il délivre le présent exécutoire, pour le recouvrement de

404.0 4999.0 2970.0 97.0 ladite somme être poursuivi sur les biens présents et à venir du condamné, par les percepteurs des Contributions directes.

454.0 5075.0 3007.0 107.0 En conséquence, LE PRÉSIDENT DE LA RÉPUBLIQUE MANDE ET ORDONNE a tous huissiers sur ce requis de mettre ledit jugement à

401.0 5136.0 3057.0 110.0 exécution; aux Procureurs généraux et aux Procureurs de la République près les tribunaux de première instance d'y tenir la

411.0 5213.0 2742.0 113.0 main; à tous commandants et officiers de la force publique de prêter main-forte lorsqu'ils en seront légalement requis.

461.0 5286.0 2472.0 137.0 Fait en la Chambre du Conseil de guerre susdit, à Chalons Sur Marne, le deux Juillet 1915

446 5558 808 136 (1) En France, en Aglérie et en Tunisie.

461 5639 617 110 (2) Aux colonies et aux armées.

2367 5408 291 145 Le Président,

2393 5408 602 396 +
