3688 5877
411.0 45.0 3130.0 167.0 4^e Question - Est-il coupable d'avoir aux mêmes date et lieu fabriqué une fausse permission ayant tenu lieu

333 112 1376 142 de feuille de route audit soldat Brebion?

450.0 212.0 3136.0 160.0 5^e Question - Est il coupable d'avoir audit lieu, vers la fin de Décembre 1917 favorisé la désertion

342.0 274.0 2993.0 173.0 à l'intérieur en temps de guerre du soldat de 2^e lasse Brébion du 4^e reg^t de zouaves

346 352 1392 127 en lui procurant une fausse permission ?

395 427 3021 163 6^e question - Est-il coupable d'avoir audit lieu, vers la fis du mois de décembre 1917

323 489 2689 157 fabriqué une fausse permission ayant tenu lieu de feuille de route audit soldat Brébion?

424 577 3198 161 7 Question - Est-il coupable d'avoir audit lieu le 18 Décembre 1917 favorisé la désertion

328 651 3100 152 à l'intérieur en temps de guerre du soldat de 3^e classe Deschamps du 4^e régiment de

352.0 724.0 1719.0 118.0 Zouaves, en lui procurant une fausse permission

431.0 796.0 3054.0 160.0 8^o Question - Est-il coupable d'avoir audit lieu le 18 Décembre 1917 fabriqué une

337 847 3067 210 fausse permission ayant tenu lieu de feuille de route audit soldat Deschamps?

475 1170 3105 186 Il a été voté au scrutin secret, conformément à l'article 191 du Code de Justice militaire sur chacune de ces questions ainsi que sur les

323 1253 1420 113 circonstances atténuantes, et sur l'application de la loi de sursis.

382 1322 2919 157 Les voix recueillies séparément, conformément à l'article 131 du Code de justice militaire, en commençant par le grade inférieur.

323 1376 1934 152 le Président ayant émis son opinion le dernier, le Conseil de guerre permanent déclare.

2282 1415 1175 161 Le Président a dépouillé chaque scrutins en présence

320.0 1472.0 2423.0 134.0 des juges du Conseil de guerre: de ces dépouillements successifs il résulte que le Conseil de Guerre déclare:

656 1547 1259 147 Sur la 1^ere question à l'unanimité

2052 1576 323 133 : non

661 1650 1254 162 Sur la 2^e Question à l'unanimité

2052 1674 294 142 : oui

646 1753 1308 152 sur la 3^e question à l'unanimité

2061 1802 285 117 : non

617 1851 1356 137 Sur la 4^e question à l'unanimité

2057 1890 289 152 : oui

607.0 1965.0 1771.0 150.0 sur la 5e question à l'unanimité: non

610.0 2066.0 1728.0 147.0 sur la 6^e question à l'unanimité: oui

597.0 2164.0 1781.0 141.0 Sur la 7^e question, à l'unanimité: non

607.0 2262.0 1764.0 160.0 Sur la 8^e question à l'unanimité: oui

362.0 2549.0 2934.0 144.0 Sur quoi, et attendu les conclusions prises par le Commissaire du Gouvernement dans ses réquisitions, le Président a lu le texte

318 2610 196 117 de la loi,

528 2625 2743 151 recueilli de nouveau les voix dans la forme prescrite par les articles 131 et 134 du Code de justice militaire pour l'appli-

293 2703 426 108 cation de la peine.

734 2708 2552 137 et le Conseil de guerre a délibéré sur l'application de le peine conformément à l'article 134 du Code de Justice militaire

372.0 2778.0 2479.0 118.0 Le Conseil est rentré en séance publique, le Président a lu les motifs qui précèdent et le dispositif ci-dessous.

2832.0 2811.0 431.0 114.0 Le Président a en

382 2845 671 132 En conséquence, le Conseil (1)

1057 2850 2391 161 conséquence recueilli les voix en commençant par le grade inférieur et émis son opinion le dernier

349.0 2918.0 2685.0 177.0 Le Conseil est rentré en séance publique, le Président a lu les motifs qui précèdent et les dispositifs ci dessous

342 2997 2332 181 En consequence le Conseil, condamne le 1^e Lambelin susqualifié

594.0 3101.0 2274.0 154.0 1^o  l'unanimité à la peine de six mois de prison

587.0 3176.0 2780.0 180.0 2^o a l'unanimité à la peine de trois mille, francs d'amende,

440.0 3278.0 3048.0 186.0 Et, attendu qu'il n'a subi antérieurement aucune condamnation, considérant que le

328 3384 3276 205 renseignements fournis sur lui, lui sont favorables, ordonne à l'unanimité, qu'il sera sursis

323.0 3490.0 1699.0 140.0 à l'exécution de la présente peine de prison

574.0 3601.0 2970.0 153.0 Le condamne en outre aux fais envers l'Etat, et a l'unanimité fixe la durée de la

333.0 3673.0 3005.0 186.0 contrainte par Corps, au minimum édicte par la loi, le tout par application des articles

349.0 3774.0 3231.0 192.0 139 du Code de Justice militaire, 156, 164 du Code Pénal; 849 de le loi du 9 Aout 1849 modifié

336.0 3878.0 3139.0 209.0 par la loi du 27 Avril 1916. 9 de la loi du 22 Juillet 1867, 1^er des lois du 28 Juin 1904. et 26

347 3971 358 167 mars 1891.

934.0 4087.0 2499.0 199.0 Ceux des articles édictant le peine ont été lus publiquement par le

581.0 4172.0 1192.0 173.0 Président et sont ainsi conçus.

924.0 4300.0 2577.0 199.0 « Article 156 Code Pénal: Quiconque fabriquera une fausse feuille de route...

924.0 4404.0 768.0 131.0 « sera puni savoir:...

914.0 4505.0 2613.0 154.0 « D'un emprisonnement de six mois au moins et de trois ans au plus si la

908.0 4603.0 2646.0 170.0 « fausse feuille de route n'a eu pour objet qui su tromper la surveillance

911.0 4698.0 800.0 143.0 « de l'autorité publique.

898.0 4806.0 2639.0 153.0 « Article 164 Code Pénal: Il sera prononcé contre les coupables une amende dont

914.0 4913.0 1748.0 160.0 « le minimum sera de 100^l et le maximum de 9000^e.

303 5499 2958 133 (1) Avoir soin de spécifier, s'il y a lieu, après t'indication de la peine infligée, la décision motivée du Conseil relative à ma non-imputation pour tout ou

271.0 5560.0 1290.0 88.0 partie de la détention préventive sur la durée de la peine prononcée.
