<?xml version="1.0" encoding="UTF-8"?>
<alto xmlns:xsi="http://www.w3.org/2001/XMLSchema-instance"
      xmlns="http://www.loc.gov/standards/alto/ns-v4#"
      xsi:schemaLocation="http://www.loc.gov/standards/alto/ns-v4# http://www.loc.gov/standards/alto/v4/alto-4-2.xsd">
  <Description>
    <MeasurementUnit>pixel</MeasurementUnit>
    <sourceImageInformation>
      <fileName>11_J_184_0040.jpg</fileName>
      
    </sourceImageInformation>
  </Description>
  
  <Tags>
    <OtherTag ID="BT16575" LABEL="MarginTextZone" DESCRIPTION="block type MarginTextZone"/><OtherTag ID="BT16576" LABEL="DamageZone" DESCRIPTION="block type DamageZone"/><OtherTag ID="BT16577" LABEL="DigitizationArtefactZone" DESCRIPTION="block type DigitizationArtefactZone"/><OtherTag ID="BT16578" LABEL="DropCapitalZone" DESCRIPTION="block type DropCapitalZone"/><OtherTag ID="BT16579" LABEL="GraphicZone" DESCRIPTION="block type GraphicZone"/><OtherTag ID="BT16580" LABEL="MusicZone" DESCRIPTION="block type MusicZone"/><OtherTag ID="BT16581" LABEL="NumberingZone" DESCRIPTION="block type NumberingZone"/><OtherTag ID="BT16582" LABEL="QuireMarksZone" DESCRIPTION="block type QuireMarksZone"/><OtherTag ID="BT16583" LABEL="RunningTitleZone" DESCRIPTION="block type RunningTitleZone"/><OtherTag ID="BT16584" LABEL="SealZone" DESCRIPTION="block type SealZone"/><OtherTag ID="BT16585" LABEL="StampZone" DESCRIPTION="block type StampZone"/><OtherTag ID="BT16586" LABEL="TableZone" DESCRIPTION="block type TableZone"/><OtherTag ID="BT16587" LABEL="TitlePageZone" DESCRIPTION="block type TitlePageZone"/><OtherTag ID="BT19261" LABEL="MainZone" DESCRIPTION="block type MainZone"/><OtherTag ID="BT21623" LABEL="MainZone-judgementNumber" DESCRIPTION="block type MainZone-judgementNumber"/><OtherTag ID="BT21624" LABEL="MainZone-judgementPlace" DESCRIPTION="block type MainZone-judgementPlace"/><OtherTag ID="BT21625" LABEL="MainZone-orderNumber" DESCRIPTION="block type MainZone-orderNumber"/><OtherTag ID="BT21626" LABEL="MainZone-crimeDate" DESCRIPTION="block type MainZone-crimeDate"/><OtherTag ID="BT21627" LABEL="MarginTextZone-note" DESCRIPTION="block type MarginTextZone-note"/><OtherTag ID="BT21628" LABEL="QuireMarksZone-signature" DESCRIPTION="block type QuireMarksZone-signature"/><OtherTag ID="BT21629" LABEL="CustomZone-signature" DESCRIPTION="block type CustomZone-signature"/><OtherTag ID="BT21630" LABEL="MarginTextZone-addition" DESCRIPTION="block type MarginTextZone-addition"/>
    <OtherTag ID="LT6926" LABEL="DefaultLine" DESCRIPTION="line type DefaultLine"/><OtherTag ID="LT6927" LABEL="HeadingLine" DESCRIPTION="line type HeadingLine"/><OtherTag ID="LT6928" LABEL="InterlinearLine" DESCRIPTION="line type InterlinearLine"/><OtherTag ID="LT8439" LABEL="CustomLine:scratched" DESCRIPTION="line type CustomLine:scratched"/><OtherTag ID="LT8440" LABEL="CustomLine:signature" DESCRIPTION="line type CustomLine:signature"/><OtherTag ID="LT8441" LABEL="CustomLine:margin" DESCRIPTION="line type CustomLine:margin"/><OtherTag ID="LT8442" LABEL="default" DESCRIPTION="line type default"/>
  </Tags>
  
  <Layout>
    <Page WIDTH="6362"
          HEIGHT="9397"
          PHYSICAL_IMG_NR="15"
          ID="eSc_dummypage_">
      <PrintSpace HPOS="0"
                  VPOS="0"
                  WIDTH="6362"
                  HEIGHT="9397">
        
        <TextBlock HPOS="1159.0"
                   VPOS="359.0"
                   WIDTH="5177.0"
                   HEIGHT="7588.0"
                   ID="0b6aa4d8-8306-49c0-a5ae-388f3a5a88d2"
                   TAGREFS="BT19261">
          <Shape><Polygon POINTS="1159 359 6336 359 6336 7947 1159 7947 1159 359"/></Shape>
          
          
          <TextLine ID="5f99f39e-493a-4758-af2c-304489e02b18"
                    TAGREFS="LT6926"
                    BASELINE="1462 532 6153 511" 
                    HPOS="1449"
                    VPOS="360"
                    WIDTH="4701"
                    HEIGHT="211">
            <Shape><Polygon POINTS="6072 360 5993 360 5931 360 4951 399 4755 360 4740 360 4661 360 4622 360 4403 399 4246 360 4191 360 4152 360 4089 399 3839 360 3799 360 3760 360 3627 415 1997 415 1872 360 1856 360 1849 360 1841 360 1833 360 1809 360 1637 407 1449 368 1457 524 1457 571 6142 555 6150 509 6126 360 6072 360"/></Shape>
	    <String CONTENT="La séance ayant été ouverte, le Président a fait apporter et déposer devant lui, sur le bureau, un exemplaire du Code du justice"
                    HPOS="1449"
                    VPOS="360"
                    WIDTH="4701"
                    HEIGHT="211"></String>
          </TextLine>

          
          
          <TextLine ID="0172f512-7c26-42be-b903-d95ff63fd4d7"
                    TAGREFS="LT6926"
                    BASELINE="1425 652 6179 605" 
                    HPOS="1410"
                    VPOS="501"
                    WIDTH="4763"
                    HEIGHT="195">
            <Shape><Polygon POINTS="1418 649 1418 696 6166 681 6173 602 6150 501 1410 532 1418 649"/></Shape>
	    <String CONTENT="militaire, du Code d&#x27;instruction criminelle et du code pénal ordinaire, et ordonné à la garde d&#x27;amener l&#x27;accusé, qui a"
                    HPOS="1410"
                    VPOS="501"
                    WIDTH="4763"
                    HEIGHT="195"></String>
          </TextLine>

          
          
          <TextLine ID="c7cea2ed-b82b-4f19-85a6-ab8d50ef1d67"
                    TAGREFS="LT6926"
                    BASELINE="1410 756 6215 751" 
                    HPOS="1394"
                    VPOS="642"
                    WIDTH="4819"
                    HEIGHT="172">
            <Shape><Polygon POINTS="2883 642 2804 642 2726 642 2648 642 2569 642 2491 642 2413 642 2334 642 2256 642 2178 649 2099 649 2021 649 1943 649 1864 649 1786 649 1708 649 1629 649 1551 649 1472 649 1465 642 1394 642 1402 751 1402 814 6205 814 6213 743 6197 642 2961 642 2883 642"/></Shape>
	    <String CONTENT="été introduit, libre et sans fers, devant le Conseil, accompagné de son défenseur le Lieutenant Laporte"
                    HPOS="1394"
                    VPOS="642"
                    WIDTH="4819"
                    HEIGHT="172"></String>
          </TextLine>

          
          
          <TextLine ID="bdfed060-aa78-40ed-8369-a055158c6073"
                    TAGREFS="LT6926"
                    BASELINE="1316 908 4852 887" 
                    HPOS="1300"
                    VPOS="751"
                    WIDTH="3549"
                    HEIGHT="282">
            <Shape><Polygon POINTS="3416 751 3337 751 3259 751 3181 751 3102 751 3024 751 3016 751 2836 783 1504 751 1496 751 1300 790 1308 900 1308 1033 3212 978 3643 978 3690 986 3799 1025 3807 1025 3815 1025 4340 978 4356 978 4473 1018 4481 1018 4489 1018 4849 963 4849 884 4834 783 3423 751 3416 751"/></Shape>
	    <String CONTENT="attaché de 1ᵉʳ classe à l&#x27;Intendance désigné d&#x27;office"
                    HPOS="1300"
                    VPOS="751"
                    WIDTH="3549"
                    HEIGHT="282"></String>
          </TextLine>

          
          
          <TextLine ID="c827001a-43c8-4277-8f84-76b0f02ec4ab"
                    TAGREFS="LT6926"
                    BASELINE="1472 1508 6121 1477" 
                    HPOS="1457"
                    VPOS="1292"
                    WIDTH="4662"
                    HEIGHT="289">
            <Shape><Polygon POINTS="1465 1503 1488 1581 1519 1542 1755 1581 1794 1581 1802 1581 1809 1581 1817 1581 1864 1542 2977 1566 3470 1573 3478 1573 6111 1527 6119 1472 6103 1354 5147 1292 5139 1292 5131 1292 4951 1354 4928 1362 4277 1362 4262 1354 4168 1299 4160 1299 4152 1299 3228 1315 3220 1315 3212 1315 3157 1354 3133 1370 2609 1370 2562 1354 2460 1315 2452 1315 2444 1315 2436 1315 2295 1354 2240 1362 2178 1354 2013 1315 2005 1315 1457 1346 1465 1503"/></Shape>
	    <String CONTENT="Interrogé de ses nom, prénoms, âge, lieu de naissance, état profession et domicile l&#x27;accusé"
                    HPOS="1457"
                    VPOS="1292"
                    WIDTH="4662"
                    HEIGHT="289"></String>
          </TextLine>

          
          
          <TextLine ID="66a8fdcc-dba8-4b33-9f00-aa6d177b08c2"
                    TAGREFS="LT6926"
                    BASELINE="1530 1607 5980 1607" 
                    HPOS="1527"
                    VPOS="1495"
                    WIDTH="4451"
                    HEIGHT="165">
            <Shape><Polygon POINTS="2624 1503 2546 1503 2468 1503 2389 1503 2311 1503 2232 1503 2154 1503 2076 1503 1997 1503 1919 1503 1841 1503 1762 1503 1684 1503 1606 1503 1527 1503 1527 1605 1527 1660 5978 1660 5978 1605 5978 1511 2656 1495 2624 1503"/></Shape>
	    <String CONTENT="a répondu se nommer Delage Henri, âgé de cinquante-cinq ans"
                    HPOS="1527"
                    VPOS="1495"
                    WIDTH="4451"
                    HEIGHT="165"></String>
          </TextLine>

          
          
          <TextLine ID="60b08f25-e87b-44ea-9bd1-1eba1ca3340d"
                    TAGREFS="LT6926"
                    BASELINE="1362 1790 5897 1764" 
                    HPOS="1347"
                    VPOS="1620"
                    WIDTH="4544"
                    HEIGHT="267">
            <Shape><Polygon POINTS="1355 1785 1355 1840 1574 1887 1582 1887 2060 1848 2154 1887 2162 1887 2170 1887 2178 1887 2334 1848 2851 1887 2859 1887 2867 1887 3008 1840 3071 1879 3079 1879 3086 1879 3094 1879 3102 1879 3220 1840 3228 1840 3831 1840 3839 1840 3893 1879 3901 1879 3909 1879 3917 1879 4183 1840 4191 1840 4199 1840 4356 1879 4364 1879 4371 1879 4379 1879 4387 1879 4450 1840 4458 1832 4497 1840 4661 1871 4669 1871 4842 1840 4881 1832 4896 1840 4983 1871 4990 1871 4998 1871 5006 1871 5014 1871 5069 1840 5077 1832 5131 1840 5398 1871 5406 1871 5413 1871 5484 1840 5484 1832 5492 1840 5547 1871 5554 1871 5562 1871 5570 1871 5891 1832 5891 1761 5868 1620 1347 1636 1355 1785"/></Shape>
	    <String CONTENT="marié, dix enfant, profession de marchand forain, domicilié à"
                    HPOS="1347"
                    VPOS="1620"
                    WIDTH="4544"
                    HEIGHT="267"></String>
          </TextLine>

          
          
          <TextLine ID="716747cf-0a4a-40c4-8ef3-539a8bd06264"
                    TAGREFS="LT6926"
                    BASELINE="1311 1978 4006 1952" 
                    HPOS="1300"
                    VPOS="1816"
                    WIDTH="2703"
                    HEIGHT="274">
            <Shape><Polygon POINTS="1308 1973 1308 2090 2162 2083 2170 2083 2178 2083 2264 2043 2656 2043 2734 2067 2804 2090 2812 2090 2820 2090 3008 2059 3188 2036 3400 2051 3729 2083 3737 2083 4003 2036 4003 1949 3980 1816 1300 1840 1308 1973"/></Shape>
	    <String CONTENT="Lille, Rue d&#x27;Artois, n°88 (Nord)"
                    HPOS="1300"
                    VPOS="1816"
                    WIDTH="2703"
                    HEIGHT="274"></String>
          </TextLine>

          
          
          <TextLine ID="bbf48767-8cb3-43eb-a002-f7945183d8e1"
                    TAGREFS="LT6926"
                    BASELINE="1483 2991 6133 2970" 
                    HPOS="1472"
                    VPOS="2811"
                    WIDTH="4654"
                    HEIGHT="235">
            <Shape><Polygon POINTS="1480 2983 1480 3038 2859 3038 2891 3038 2969 3038 3047 3038 3126 3038 3204 3038 3282 3038 3361 3038 3439 3038 3517 3038 3596 3038 3674 3038 3752 3038 3831 3038 3909 3038 3988 3038 4066 3038 4144 3038 4223 3038 4301 3038 4379 3030 4458 3030 4536 3030 4614 3030 4693 3030 4771 3030 4849 3030 4928 3030 5006 3030 5084 3030 5163 3030 5241 3030 5319 3030 5398 3030 5476 3030 5554 3030 5633 3030 5711 3030 5790 3030 5868 3030 5868 3038 6111 3046 6126 2967 6103 2811 5852 2858 5531 2811 5484 2811 5476 2811 5304 2819 4520 2858 4387 2826 4317 2811 4309 2811 4301 2811 4097 2834 3784 2866 3690 2834 3635 2819 3627 2819 3619 2819 3455 2842 3251 2866 3157 2842 3071 2819 3063 2819 3055 2819 2914 2842 2797 2873 1974 2873 1958 2858 1911 2819 1903 2819 1896 2819 1888 2819 1472 2858 1480 2983"/></Shape>
	    <String CONTENT="Le Président, après avoir fait lire par le greffier de convocation, le rapport prescrit par l&#x27;article 108 du Code de justice"
                    HPOS="1472"
                    VPOS="2811"
                    WIDTH="4654"
                    HEIGHT="235"></String>
          </TextLine>

          
          
          <TextLine ID="8ff41413-a8e5-4b4c-ae47-4960a4585cc1"
                    TAGREFS="LT6926"
                    BASELINE="1389 3100 5891 3089" 
                    HPOS="1378"
                    VPOS="2975"
                    WIDTH="4506"
                    HEIGHT="172">
            <Shape><Polygon POINTS="3729 2983 3651 2983 3611 2983 1378 2983 1386 3093 1386 3147 5876 3140 5884 3085 5860 2975 3729 2975 3729 2983"/></Shape>
	    <String CONTENT="militaire, et les pièces dont la lecture lui a paru nécessaire, a fait connaître a l&#x27;accusé les faits à raison desquels il est"
                    HPOS="1378"
                    VPOS="2975"
                    WIDTH="4506"
                    HEIGHT="172"></String>
          </TextLine>

          
          
          <TextLine ID="d68f1f65-fac4-4e58-9a75-c05520e676fa"
                    TAGREFS="LT6926"
                    BASELINE="1411 3231 5416 3196" 
                    HPOS="1402"
                    VPOS="3093"
                    WIDTH="4011"
                    HEIGHT="180">
            <Shape><Polygon POINTS="1410 3226 1410 3273 5413 3249 5413 3194 5390 3093 1402 3116 1410 3226"/></Shape>
	    <String CONTENT="poursuivi, et lui a donné, ainsi qu&#x27;au défenseur, l&#x27;avertissement indiqué en l&#x27;article 121 dudit Code ;"
                    HPOS="1402"
                    VPOS="3093"
                    WIDTH="4011"
                    HEIGHT="180"></String>
          </TextLine>

          
          
          <TextLine ID="59c68b68-42d7-473a-898a-60269674aef3"
                    TAGREFS="LT6926"
                    BASELINE="1469 3342 3598 3304" 
                    HPOS="1457"
                    VPOS="3210"
                    WIDTH="2139"
                    HEIGHT="172">
            <Shape><Polygon POINTS="3572 3210 3494 3210 3416 3210 3337 3218 3259 3218 3181 3218 3102 3218 3024 3218 2945 3218 2867 3218 2789 3218 2718 3218 2413 3218 2397 3226 2319 3226 2295 3226 1457 3234 1465 3335 1465 3382 3596 3367 3596 3296 3572 3210 3572 3210"/></Shape>
	    <String CONTENT="Après quoi, il a procédé à l&#x27;interrogatoire de l&#x27;accusé"
                    HPOS="1457"
                    VPOS="3210"
                    WIDTH="2139"
                    HEIGHT="172"></String>
          </TextLine>

          
          
          <TextLine ID="fdf8142e-dc64-4e11-a243-ffb932e34ceb"
                    TAGREFS="LT8439"
                    BASELINE="3573 3313 6114 3303" 
                    HPOS="3564"
                    VPOS="3202"
                    WIDTH="2547"
                    HEIGHT="180">
            <Shape><Polygon POINTS="3564 3296 3572 3312 3572 3382 6103 3382 6111 3296 6087 3202 3635 3210 3564 3296"/></Shape>
	    <String CONTENT="et a fait entendre publiquement et séparément les témoins à charge (1)"
                    HPOS="3564"
                    VPOS="3202"
                    WIDTH="2547"
                    HEIGHT="180"></String>
          </TextLine>

          
          
          <TextLine ID="2b2459ae-4187-4890-83c2-7c471ad08591"
                    TAGREFS="LT8439"
                    BASELINE="2291 3438 6112 3436" 
                    HPOS="2279"
                    VPOS="3328"
                    WIDTH="3832"
                    HEIGHT="188">
            <Shape><Polygon POINTS="2287 3437 2287 3500 6103 3516 6111 3429 6095 3335 2279 3328 2287 3437"/></Shape>
	    <String CONTENT="; lesdits témoins ayant au préalable prêté serment de parler sans haine et sans crainte, jure de dire toute"
                    HPOS="2279"
                    VPOS="3328"
                    WIDTH="3832"
                    HEIGHT="188"></String>
          </TextLine>

          
          
          <TextLine ID="4d532033-223a-467a-ae18-1a0c4b02e67c"
                    TAGREFS="LT8439"
                    BASELINE="1434 3548 2334 3567" 
                    HPOS="1425"
                    VPOS="3429"
                    WIDTH="901"
                    HEIGHT="243">
            <Shape><Polygon POINTS="2295 3437 2287 3429 1433 3429 1433 3547 1425 3610 2311 3672 2326 3563 2326 3437 2295 3437"/></Shape>
	    <String CONTENT="vérité et rien que la vérité ;"
                    HPOS="1425"
                    VPOS="3429"
                    WIDTH="901"
                    HEIGHT="243"></String>
          </TextLine>

          
          
          <TextLine ID="22a930e3-749e-432c-be23-63602971350a"
                    TAGREFS="LT8439"
                    BASELINE="1504 3931 6064 3920" 
                    HPOS="1499.0"
                    VPOS="3816.0"
                    WIDTH="4565.0"
                    HEIGHT="229.0">
            <Shape><Polygon POINTS="1504 3931 1504 4004 2115 4040 2120 4040 2319 4004 2611 4030 2616 4030 2966 4004 3039 4040 3045 4040 3050 4040 3055 4040 3133 4014 3316 4040 3322 4040 3536 4004 3614 4040 3619 4040 3624 4045 3776 4045 3776 4040 4121 4035 4126 4035 4131 4035 4183 3998 4319 4025 4324 4025 4716 3998 4815 4035 4821 4035 4826 4035 5045 3998 5792 4035 5797 4035 6059 3998 6064 3920 6048 3831 5834 3847 5714 3816 5709 3816 5703 3816 5698 3816 5630 3847 5588 3816 5583 3816 5578 3816 5218 3816 5212 3816 4930 3847 4727 3816 4721 3816 4523 3847 4455 3816 4450 3816 4194 3816 4189 3816 3854 3847 3776 3821 3771 3821 3207 3821 3201 3821 3050 3857 2266 3857 2219 3826 2214 3826 2209 3826 2204 3826 2199 3826 2136 3852 1817 3831 1812 3831 1499 3857 1504 3931"/></Shape>
	    <String CONTENT="Et le Président ayant, en outre, rempli à leur égard les formalités proscrites par las articles 317 et 319 du Code d&#x27;instruction"
                    HPOS="1499.0"
                    VPOS="3816.0"
                    WIDTH="4565.0"
                    HEIGHT="229.0"></String>
          </TextLine>

          
          
          <TextLine ID="611712fa-91d0-4716-ace9-fff13405cc29"
                    TAGREFS="LT8439"
                    BASELINE="1431 4040 1802 4045" 
                    HPOS="1425.0"
                    VPOS="3967.0"
                    WIDTH="377.0"
                    HEIGHT="157.0">
            <Shape><Polygon POINTS="1431 4040 1425 4113 1791 4124 1802 4045 1796 3967 1431 3967 1431 4040"/></Shape>
	    <String CONTENT="criminelle ;"
                    HPOS="1425.0"
                    VPOS="3967.0"
                    WIDTH="377.0"
                    HEIGHT="157.0"></String>
          </TextLine>

          
          
          <TextLine ID="af2a9141-ac10-443a-ab11-696f4fd1cae8"
                    TAGREFS="LT6926"
                    BASELINE="1509 4160 1614 4160" 
                    HPOS="1509.0"
                    VPOS="4092.0"
                    WIDTH="105.0"
                    HEIGHT="173.0">
            <Shape><Polygon POINTS="1509 4160 1509 4249 1608 4265 1614 4160 1614 4092 1509 4092 1509 4160"/></Shape>
	    <String CONTENT="(2)"
                    HPOS="1509.0"
                    VPOS="4092.0"
                    WIDTH="105.0"
                    HEIGHT="173.0"
                    WC="0.9741931756337484"></String>
          </TextLine>

          
          
          <TextLine ID="cbb62f4c-3705-4e5f-bb24-7188678156c3"
                    TAGREFS="LT6926"
                    BASELINE="1496 5047 5956 5007" 
                    HPOS="1480"
                    VPOS="4839"
                    WIDTH="4474"
                    HEIGHT="243">
            <Shape><Polygon POINTS="1488 5043 1488 5082 5946 5066 5954 5003 5938 4870 4144 4839 4136 4839 4129 4839 4121 4839 4050 4886 4042 4886 4027 4886 3925 4855 3917 4855 3909 4855 2953 4894 2836 4894 2797 4894 2358 4855 2350 4855 2342 4855 2201 4902 2185 4902 2146 4902 1825 4862 1817 4862 1809 4862 1802 4862 1802 4870 1762 4902 1762 4909 1480 4909 1488 5043"/></Shape>
	    <String CONTENT="Oui M. le Commissaire du Gouvernement en ses réquisitions tendant à ce que (3) le susnommé soit"
                    HPOS="1480"
                    VPOS="4839"
                    WIDTH="4474"
                    HEIGHT="243"></String>
          </TextLine>

          
          
          <TextLine ID="aed35961-8c59-4450-99bd-ee191ee7a8db"
                    TAGREFS="LT6926"
                    BASELINE="1311 5180 5992 5143" 
                    HPOS="1300"
                    VPOS="5011"
                    WIDTH="4685"
                    HEIGHT="235">
            <Shape><Polygon POINTS="1308 5176 1308 5246 5978 5207 5985 5137 5962 5011 1300 5058 1308 5176"/></Shape>
	    <String CONTENT="déclaré coupable d&#x27;Injures envers un agent dépositaire de l&#x27;autorité"
                    HPOS="1300"
                    VPOS="5011"
                    WIDTH="4685"
                    HEIGHT="235"></String>
          </TextLine>

          
          
          <TextLine ID="f859ea05-cadd-4247-9e56-bf2d0989c4af"
                    TAGREFS="LT6926"
                    BASELINE="1343 5345 6064 5295" 
                    HPOS="1331"
                    VPOS="5184"
                    WIDTH="4725"
                    HEIGHT="234">
            <Shape><Polygon POINTS="1339 5340 1339 5418 6056 5356 6056 5293 6032 5184 1331 5230 1339 5340"/></Shape>
	    <String CONTENT="publique et qu&#x27;il lui soit fait application des articles 7 et 8 de la"
                    HPOS="1331"
                    VPOS="5184"
                    WIDTH="4725"
                    HEIGHT="234"></String>
          </TextLine>

          
          
          <TextLine ID="bdf4c647-c3b0-4064-8e69-ead354761b88"
                    TAGREFS="LT6926"
                    BASELINE="1333 5477 5997 5455" 
                    HPOS="1324"
                    VPOS="5332"
                    WIDTH="4669"
                    HEIGHT="274">
            <Shape><Polygon POINTS="1331 5473 1331 5552 1911 5552 2029 5606 2037 5606 2044 5606 2358 5544 2366 5544 2491 5606 2499 5606 2507 5606 2515 5606 2695 5559 2859 5606 2867 5606 2875 5606 3212 5567 4418 5599 4426 5599 4434 5599 4575 5528 4583 5528 5186 5528 5194 5528 5265 5591 5272 5591 5280 5591 5288 5599 5421 5599 5421 5591 5429 5591 5437 5591 5515 5528 5743 5567 5750 5575 5750 5567 5985 5520 5993 5450 5970 5332 1324 5356 1331 5473"/></Shape>
	    <String CONTENT="loi de 9 Août 1849 sur l&#x27;état de siège et 33 de la loi du 27 juillet"
                    HPOS="1324"
                    VPOS="5332"
                    WIDTH="4669"
                    HEIGHT="274"></String>
          </TextLine>

          
          
          <TextLine ID="f736a35a-9c83-4c61-9f94-c7c86f7323d1"
                    TAGREFS="LT6926"
                    BASELINE="1335 5645 2784 5669" 
                    HPOS="1324"
                    VPOS="5489"
                    WIDTH="1457"
                    HEIGHT="235">
            <Shape><Polygon POINTS="1331 5638 1324 5677 2765 5724 2781 5661 2773 5544 1331 5489 1331 5638"/></Shape>
	    <String CONTENT="1881 sur la presse"
                    HPOS="1324"
                    VPOS="5489"
                    WIDTH="1457"
                    HEIGHT="235"></String>
          </TextLine>

          
          
          <TextLine ID="12f5b7d4-b227-40c6-b39a-a39599d7ff68"
                    TAGREFS="LT6926"
                    BASELINE="1335 5885 6147 5888" 
                    HPOS="1331"
                    VPOS="5724"
                    WIDTH="4811"
                    HEIGHT="196">
            <Shape><Polygon POINTS="1331 5880 1331 5920 6142 5912 6142 5880 6134 5724 1331 5747 1331 5880"/></Shape>
	    <String CONTENT="et l&#x27;accusé dans ses moyens de défense, tant par lui que par son défenseur, lesquels ont"
                    HPOS="1331"
                    VPOS="5724"
                    WIDTH="4811"
                    HEIGHT="196"></String>
          </TextLine>

          
          
          <TextLine ID="33ba1225-6932-4583-aa34-85438418fd58"
                    TAGREFS="LT6926"
                    BASELINE="1354 6005 6139 5979" 
                    HPOS="1339"
                    VPOS="5888"
                    WIDTH="4795"
                    HEIGHT="204">
            <Shape><Polygon POINTS="6040 5888 5962 5888 5884 5888 5805 5888 5727 5888 5649 5888 5570 5888 5492 5888 5413 5888 5335 5888 5257 5888 5178 5888 5100 5888 5022 5888 4943 5888 4865 5888 4787 5888 4708 5888 4630 5888 4552 5888 4473 5888 4395 5888 4317 5888 4238 5888 4160 5888 4082 5888 4003 5888 3925 5888 3846 5888 3768 5888 3721 5888 1339 5888 1347 5998 1347 6092 6126 6068 6134 5974 6111 5888 6040 5888"/></Shape>
	    <String CONTENT="déclaré n&#x27;avoir rien à ajouter à leurs moyens de défense, et ont eu la parole les derniers, le Président a déclaré les débats terminés,"
                    HPOS="1339"
                    VPOS="5888"
                    WIDTH="4795"
                    HEIGHT="204"></String>
          </TextLine>

          
          
          <TextLine ID="285cf6ba-c25e-4fc3-bc2e-3b90b4397eb0"
                    TAGREFS="LT6926"
                    BASELINE="1363 6119 3786 6100" 
                    HPOS="1347"
                    VPOS="6006"
                    WIDTH="2437"
                    HEIGHT="211">
            <Shape><Polygon POINTS="1355 6115 1355 6162 2013 6217 2021 6217 2562 6186 3235 6155 3776 6209 3784 6092 3760 6006 1347 6014 1355 6115"/></Shape>
	    <String CONTENT="et il a ordonné au défenseur et à l&#x27;accusé de se retirer."
                    HPOS="1347"
                    VPOS="6006"
                    WIDTH="2437"
                    HEIGHT="211"></String>
          </TextLine>

          
          
          <TextLine ID="748af49d-c4df-4d87-8899-e3989823c61c"
                    TAGREFS="LT6926"
                    BASELINE="1464 6516 3705 6505" 
                    HPOS="1449"
                    VPOS="6366"
                    WIDTH="2249"
                    HEIGHT="188">
            <Shape><Polygon POINTS="1457 6515 1457 6546 3682 6554 3698 6499 3674 6366 1449 6405 1457 6515"/></Shape>
	    <String CONTENT="L&#x27;accusé a été reconduit par l&#x27;escorte à la prison ;"
                    HPOS="1449"
                    VPOS="6366"
                    WIDTH="2249"
                    HEIGHT="188"></String>
          </TextLine>

          
          
          <TextLine ID="2f116c2d-e7f2-4585-87e9-f6609057e545"
                    TAGREFS="LT8439"
                    BASELINE="3810 6501 6109 6506" 
                    HPOS="3807"
                    VPOS="6335"
                    WIDTH="2296"
                    HEIGHT="235">
            <Shape><Polygon POINTS="3807 6570 3886 6570 3964 6570 4042 6570 4121 6570 4199 6570 4277 6570 4356 6570 4434 6570 4512 6570 4591 6570 4669 6570 4747 6570 4826 6562 4904 6562 4983 6562 5061 6562 5139 6562 5218 6562 5296 6562 5374 6562 5453 6562 5531 6562 5609 6562 5688 6562 5766 6562 5844 6562 5923 6562 6001 6562 6079 6562 6103 6562 6103 6499 6103 6382 4755 6335 4747 6335 4606 6350 4395 6374 4183 6342 4129 6335 4121 6335 4082 6342 3909 6374 3815 6335 3807 6499 3807 6570"/></Shape>
	    <String CONTENT="le Commissaire du Gouvernement, le Greffier et les assistants dans"
                    HPOS="3807"
                    VPOS="6335"
                    WIDTH="2296"
                    HEIGHT="235"></String>
          </TextLine>

          
          
          <TextLine ID="5a5099a9-32ee-4cb7-8045-284f4b0767b7"
                    TAGREFS="LT8439"
                    BASELINE="1418 6631 3419 6615" 
                    HPOS="1402"
                    VPOS="6499"
                    WIDTH="2014"
                    HEIGHT="180">
            <Shape><Polygon POINTS="3361 6507 3282 6507 3204 6507 3126 6507 3047 6507 2969 6507 2891 6507 2812 6507 2734 6507 2656 6507 2577 6507 2499 6515 2421 6515 2342 6515 2264 6515 2185 6515 2107 6515 2029 6515 1950 6515 1872 6515 1794 6515 1715 6515 1637 6515 1559 6515 1480 6515 1472 6499 1402 6499 1410 6624 1410 6679 3408 6671 3416 6609 3400 6507 3361 6507"/></Shape>
	    <String CONTENT="l&#x27;auditoire de sont retirés sur l&#x27;invitation du Président (4)"
                    HPOS="1402"
                    VPOS="6499"
                    WIDTH="2014"
                    HEIGHT="180"></String>
          </TextLine>

          
          
          <TextLine ID="42d3644d-1b9d-4778-bd15-97c64673de26"
                    TAGREFS="LT6926"
                    BASELINE="3473 6593 6160 6610" 
                    HPOS="3463"
                    VPOS="6491"
                    WIDTH="2695"
                    HEIGHT="165">
            <Shape><Polygon POINTS="6056 6507 5978 6507 5899 6507 5821 6507 5743 6507 5664 6507 5586 6507 5507 6507 5429 6507 5351 6507 5272 6507 5194 6507 5116 6507 5037 6507 4959 6507 4881 6507 4802 6507 4724 6507 4646 6507 4567 6507 4489 6507 4411 6507 4332 6507 4254 6507 4176 6507 4097 6507 4019 6507 3940 6507 3862 6507 3854 6491 3627 6491 3627 6507 3549 6507 3470 6507 3470 6585 3463 6656 6150 6656 6158 6609 6150 6499 6056 6491 6056 6507"/></Shape>
	    <String CONTENT="Le Tribunal s&#x27;est retiré dans la chambre des délibérations"
                    HPOS="3463"
                    VPOS="6491"
                    WIDTH="2695"
                    HEIGHT="165"></String>
          </TextLine>

          
          
          <TextLine ID="4814da19-48f8-4fde-bf13-e993cbd8d839"
                    TAGREFS="LT6926"
                    BASELINE="1477 6746 6116 6734" 
                    HPOS="1465"
                    VPOS="6624"
                    WIDTH="4646"
                    HEIGHT="173">
            <Shape><Polygon POINTS="1472 6742 1472 6797 6103 6797 6111 6726 6087 6624 1465 6632 1472 6742"/></Shape>
	    <String CONTENT="Le Conseil délibérant à huis clos, le Président a posé la question, conformément à l&#x27;article 132 du Code de justice"
                    HPOS="1465"
                    VPOS="6624"
                    WIDTH="4646"
                    HEIGHT="173"></String>
          </TextLine>

          
          
          <TextLine ID="2fac407e-985d-4ee9-b5b6-7b15fdad597d"
                    TAGREFS="LT6926"
                    BASELINE="1415 6865 5792 6844" 
                    HPOS="1402"
                    VPOS="6742"
                    WIDTH="4388"
                    HEIGHT="203">
            <Shape><Polygon POINTS="1410 6859 1410 6945 5006 6945 5006 6938 5014 6938 5022 6938 5069 6898 5774 6938 5790 6836 5766 6742 1402 6742 1410 6859"/></Shape>
	    <String CONTENT="militaire, ainsi qu&#x27;il suit: Le sieur Delage Henri, marchand forain"
                    HPOS="1402"
                    VPOS="6742"
                    WIDTH="4388"
                    HEIGHT="203"></String>
          </TextLine>

          
          
          <TextLine ID="8271b4a3-1b61-478c-acf5-e7a865d3230a"
                    TAGREFS="LT6926"
                    BASELINE="1300 6998 6001 7019" 
                    HPOS="1284"
                    VPOS="6875"
                    WIDTH="4709"
                    HEIGHT="219">
            <Shape><Polygon POINTS="1292 6992 1284 7086 5978 7094 5993 7016 5985 6875 1292 6875 1292 6992"/></Shape>
	    <String CONTENT="est-il coupable d&#x27;avoir, le 12 Novembre 1914, à Hesdin"
                    HPOS="1284"
                    VPOS="6875"
                    WIDTH="4709"
                    HEIGHT="219"></String>
          </TextLine>

          
          
          <TextLine ID="8f7f48ac-87ab-4915-a856-fd6361abb874"
                    TAGREFS="LT6926"
                    BASELINE="1314 7148 4878 7157 6215 7146" 
                    HPOS="1300"
                    VPOS="7016"
                    WIDTH="4913"
                    HEIGHT="243">
            <Shape><Polygon POINTS="1308 7141 1300 7220 6197 7259 6213 7141 6197 7016 1308 7032 1308 7141"/></Shape>
	    <String CONTENT="(Pas-de-Calais), injurié par paroles et menaces, le lieutenant"
                    HPOS="1300"
                    VPOS="7016"
                    WIDTH="4913"
                    HEIGHT="243"></String>
          </TextLine>

          
          
          <TextLine ID="664f52ca-bd2e-4a72-8526-7de8cd8ef822"
                    TAGREFS="LT6926"
                    BASELINE="1335 7341 6198 7370" 
                    HPOS="1324"
                    VPOS="7180"
                    WIDTH="4873"
                    HEIGHT="314">
            <Shape><Polygon POINTS="1331 7337 1324 7447 3314 7431 3345 7454 3369 7478 3376 7478 3384 7478 3392 7486 3886 7486 3886 7478 4066 7454 4176 7439 4230 7454 4332 7486 4340 7486 4348 7486 4356 7486 4364 7486 4411 7454 4434 7439 4912 7439 4967 7454 5116 7494 5124 7494 5131 7494 5649 7454 5946 7494 5954 7494 5962 7494 5970 7494 6017 7454 6064 7486 6072 7486 6079 7486 6087 7486 6095 7486 6189 7447 6197 7368 6189 7227 4622 7196 4614 7196 4606 7196 4544 7227 4497 7243 4183 7227 3870 7204 3862 7204 3854 7204 3815 7227 3768 7243 3604 7227 3314 7188 3306 7188 3298 7188 3290 7188 3251 7227 3228 7243 2640 7243 2601 7227 2491 7180 2483 7180 2475 7180 2264 7227 2240 7227 2232 7227 2193 7188 2193 7180 2185 7180 2178 7180 1809 7180 1802 7180 1331 7220 1331 7337"/></Shape>
	    <String CONTENT="de Gendarmerie Larroumet dépositaire de l&#x27;autorité publique?"
                    HPOS="1324"
                    VPOS="7180"
                    WIDTH="4873"
                    HEIGHT="314"></String>
          </TextLine>

          
        </TextBlock>
        
        <TextBlock HPOS="1349.0"
                   VPOS="7943.0"
                   WIDTH="4862.0"
                   HEIGHT="962.0"
                   ID="2a92c955-aeb1-4492-a0a6-d5df591855e2"
                   TAGREFS="BT21627">
          <Shape><Polygon POINTS="1349 7943 6211 7943 6211 8905 1349 8905 1349 7943"/></Shape>
          
          
          <TextLine ID="5d31095f-4d66-4ec3-bf8a-99fc0d9c4405"
                    TAGREFS="LT6926"
                    BASELINE="1467 7981 2417 7981" 
                    HPOS="1465"
                    VPOS="7948"
                    WIDTH="948"
                    HEIGHT="86">
            <Shape><Polygon POINTS="2405 7948 2326 7948 2248 7948 2170 7948 2091 7948 2013 7948 1935 7948 1856 7948 1778 7948 1700 7948 1621 7948 1543 7948 1465 7948 1465 7979 1465 8026 2405 8034 2413 7979 2413 7948 2405 7948"/></Shape>
	    <String CONTENT="(1) Et à décharge (s&#x27;il y en a)."
                    HPOS="1465"
                    VPOS="7948"
                    WIDTH="948"
                    HEIGHT="86"></String>
          </TextLine>

          
          
          <TextLine ID="f20cb697-e198-4fc8-9078-79ecbfcac920"
                    TAGREFS="LT6926"
                    BASELINE="1472 8075 6116 8080" 
                    HPOS="1465"
                    VPOS="7971"
                    WIDTH="4646"
                    HEIGHT="173">
            <Shape><Polygon POINTS="1621 7979 1543 7979 1465 7979 1465 8073 1465 8136 6103 8144 6111 8073 6111 7979 1692 7971 1621 7979"/></Shape>
	    <String CONTENT="(2) Indiquer si des témoins ont été entendus sans prestation de serment, et pour quel motif ; dire que les pièces de conviction, s&#x27;il y en a, ont été représentées."
                    HPOS="1465"
                    VPOS="7971"
                    WIDTH="4646"
                    HEIGHT="173"></String>
          </TextLine>

          
          
          <TextLine ID="24c38063-0347-45e1-a112-1fc60cf38313"
                    TAGREFS="LT6926"
                    BASELINE="1404 8174 6100 8167" 
                    HPOS="1394"
                    VPOS="8065"
                    WIDTH="4701"
                    HEIGHT="165">
            <Shape><Polygon POINTS="6017 8081 5938 8081 5860 8081 5782 8081 5703 8081 5625 8081 5547 8081 5468 8081 5390 8081 5312 8081 5233 8081 5155 8081 5077 8081 4998 8081 4920 8081 4842 8081 4763 8081 4685 8081 4606 8081 4528 8081 4450 8081 4371 8081 4293 8081 4215 8081 4136 8081 4058 8081 3980 8081 3901 8081 3823 8081 3745 8081 3666 8081 3588 8081 3510 8081 3431 8081 3353 8081 3275 8081 3196 8081 3118 8081 3039 8081 2961 8081 2883 8081 2804 8081 2726 8081 2648 8081 2569 8081 2491 8081 2413 8081 2334 8081 2256 8081 2178 8081 2099 8081 2021 8081 1943 8081 1864 8081 1786 8081 1708 8081 1629 8081 1551 8081 1472 8081 1457 8065 1394 8065 1402 8167 1402 8230 6087 8230 6095 8159 6087 8081 6017 8081"/></Shape>
	    <String CONTENT="Indiquer, en outre, ses incidents qui ont pu ce produire, en ayant soin de préciser à quel moment du débat ils ont en lieu, ses conclusions des parties, les"
                    HPOS="1394"
                    VPOS="8065"
                    WIDTH="4701"
                    HEIGHT="165"></String>
          </TextLine>

          
          
          <TextLine ID="c244ec4f-ab67-4e18-9f39-0e831e6dafee"
                    TAGREFS="LT6926"
                    BASELINE="1410 8269 6106 8266" 
                    HPOS="1402"
                    VPOS="8167"
                    WIDTH="4701"
                    HEIGHT="157">
            <Shape><Polygon POINTS="5946 8167 5868 8167 5790 8167 5711 8167 5633 8167 5554 8167 5476 8167 5398 8167 5319 8167 5241 8167 5163 8167 5084 8167 5006 8167 4928 8167 4849 8167 4771 8167 4693 8167 4614 8167 4536 8167 4458 8167 4379 8167 4301 8167 4223 8167 4144 8167 4066 8167 3988 8167 3909 8167 3831 8167 3752 8167 3674 8167 3596 8167 3517 8167 3439 8167 3361 8167 3282 8167 3204 8167 3126 8167 3047 8167 2969 8167 2891 8167 2812 8167 2734 8167 2656 8167 2577 8167 2499 8167 2421 8167 2342 8167 2264 8167 2185 8167 2107 8167 2029 8167 1950 8167 1872 8167 1794 8167 1715 8167 1637 8167 1559 8167 1480 8167 1402 8167 1402 8261 1402 8316 6095 8324 6103 8261 6103 8167 6025 8167 5946 8167"/></Shape>
	    <String CONTENT="réquisitions du ministère public, les moyens de deiense présentés par l&#x27;accusé, et enfin le jugement motivé du Conseil. Dans le cas où le blanc laisse ici ne suf-"
                    HPOS="1402"
                    VPOS="8167"
                    WIDTH="4701"
                    HEIGHT="157"></String>
          </TextLine>

          
          
          <TextLine ID="66de9654-580c-4e4c-9700-9fd9aa704a7c"
                    TAGREFS="LT6926"
                    BASELINE="1404 8363 6106 8365" 
                    HPOS="1394"
                    VPOS="8261"
                    WIDTH="4709"
                    HEIGHT="149">
            <Shape><Polygon POINTS="6025 8269 5946 8269 5868 8269 5790 8269 5711 8269 5633 8269 5554 8269 5476 8269 5398 8269 5319 8269 5241 8269 5163 8269 5084 8269 5006 8269 4928 8269 4849 8269 4771 8269 4693 8269 4614 8269 4536 8269 4458 8269 4379 8269 4301 8269 4223 8269 4144 8269 4066 8269 3988 8269 3909 8269 3831 8269 3752 8269 3674 8269 3596 8269 3517 8269 3439 8269 3361 8269 3282 8269 3204 8269 3126 8269 3047 8269 2969 8269 2891 8269 2812 8269 2734 8269 2656 8269 2577 8269 2499 8269 2421 8269 2342 8269 2264 8269 2185 8269 2107 8269 2029 8269 1950 8269 1872 8269 1794 8269 1715 8269 1637 8269 1559 8269 1480 8269 1402 8269 1402 8355 1394 8402 6087 8410 6103 8363 6095 8261 6025 8269"/></Shape>
	    <String CONTENT="firait pas pour insérer toutes ces mentions, on devra indiquer l&#x27;incident et le moment du débat il s&#x27;est produit, en ajoutant qu&#x27;il y a été statué par jugement"
                    HPOS="1394"
                    VPOS="8261"
                    WIDTH="4709"
                    HEIGHT="149"></String>
          </TextLine>

          
          
          <TextLine ID="0c9e3171-7d5b-4c66-94d0-01b300571378"
                    TAGREFS="LT6926"
                    BASELINE="1394 8452 6100 8449" 
                    HPOS="1378"
                    VPOS="8355"
                    WIDTH="4717"
                    HEIGHT="164">
            <Shape><Polygon POINTS="6001 8363 5923 8363 5844 8363 5766 8363 5688 8363 5609 8363 5531 8363 5453 8363 5374 8363 5296 8363 5218 8363 5139 8363 5061 8363 4983 8363 4904 8363 4826 8363 4747 8363 4669 8363 4591 8363 4512 8363 4434 8363 4356 8363 4277 8363 4199 8363 4121 8363 4042 8363 3964 8363 3886 8363 3807 8363 3729 8363 3651 8363 3572 8363 3494 8363 3416 8363 3337 8363 3259 8363 3181 8363 3102 8363 3024 8363 2945 8363 2867 8363 2789 8363 2710 8363 2632 8363 2554 8363 2475 8363 2397 8363 2319 8363 2240 8363 2162 8363 2084 8363 2005 8363 1927 8363 1849 8363 1770 8363 1692 8363 1614 8363 1535 8363 1457 8363 1449 8355 1378 8355 1386 8449 1386 8519 6087 8519 6095 8441 6072 8363 6001 8363"/></Shape>
	    <String CONTENT="séparé, lequel est joint et annexé au présent, et alors le jugement séparé doit indiquer la publicité de l&#x27;audience, se terminer par la même formule et être signé"
                    HPOS="1378"
                    VPOS="8355"
                    WIDTH="4717"
                    HEIGHT="164"></String>
          </TextLine>

          
          
          <TextLine ID="b546df02-5fbe-457c-80c3-900c5ef8c0e4"
                    TAGREFS="LT6926"
                    BASELINE="1399 8551 6106 8562" 
                    HPOS="1386"
                    VPOS="8441"
                    WIDTH="4717"
                    HEIGHT="165">
            <Shape><Polygon POINTS="6017 8449 5938 8449 5860 8449 5782 8449 5703 8449 5625 8449 5547 8449 5468 8449 5390 8449 5312 8449 5233 8449 5155 8449 5077 8449 4998 8449 4920 8449 4842 8449 4763 8449 4685 8449 4606 8449 4528 8449 4450 8449 4371 8449 4293 8449 4215 8449 4136 8449 4058 8449 3980 8449 3901 8449 3823 8449 3745 8449 3666 8449 3588 8449 3510 8449 3431 8449 3353 8449 3275 8449 3196 8449 3118 8449 3039 8449 2961 8449 2883 8449 2804 8449 2726 8449 2648 8449 2569 8449 2491 8449 2413 8449 2334 8449 2256 8449 2178 8449 2099 8449 2021 8449 1943 8449 1864 8449 1786 8449 1708 8449 1629 8449 1551 8449 1472 8449 1394 8449 1394 8543 1386 8590 6087 8606 6103 8559 6095 8449 6017 8441 6017 8449"/></Shape>
	    <String CONTENT="de la même manière que le jugement principal, en mentionnant qu&#x27;il y sera annexé comme en taisant partie. En cas de suspension d&#x27;audience et de remise au"
                    HPOS="1386"
                    VPOS="8441"
                    WIDTH="4717"
                    HEIGHT="165"></String>
          </TextLine>

          
          
          <TextLine ID="fc690c10-d162-49d7-aee2-e13e64b7c3dc"
                    TAGREFS="LT6926"
                    BASELINE="1393 8643 4408 8642" 
                    HPOS="1386"
                    VPOS="8543"
                    WIDTH="3017"
                    HEIGHT="164">
            <Shape><Polygon POINTS="4364 8559 4285 8559 4207 8559 4129 8559 4050 8559 3972 8559 3893 8559 3815 8559 3737 8551 3658 8551 3580 8551 3502 8551 3423 8551 3345 8551 3267 8551 3188 8551 3110 8551 3032 8551 2953 8551 2875 8551 2797 8551 2718 8551 2640 8551 2562 8551 2483 8551 2405 8551 2326 8551 2248 8551 2170 8551 2091 8551 2013 8551 1935 8551 1856 8551 1778 8551 1700 8551 1621 8551 1543 8551 1465 8551 1457 8543 1386 8543 1386 8637 1386 8692 4395 8707 4403 8637 4403 8559 4364 8559"/></Shape>
	    <String CONTENT="lendemain, la mention qui constate cette remise est signée par le Président et le Greffier seulement."
                    HPOS="1386"
                    VPOS="8543"
                    WIDTH="3017"
                    HEIGHT="164"></String>
          </TextLine>

          
          
          <TextLine ID="a18b0ae2-c279-4a26-94d8-46bbc760d750"
                    TAGREFS="LT6926"
                    BASELINE="1452 8741 5582 8769" 
                    HPOS="1441.0"
                    VPOS="8637.0"
                    WIDTH="4137.0"
                    HEIGHT="157.0">
            <Shape><Polygon POINTS="1449 8739 1441 8770 5562 8794 5578 8762 5570 8660 1449 8637 1449 8739"/></Shape>
	    <String CONTENT="(3) Indiquer si les réquisitions tendent à la déclaration de culpabilité et, dans ce cas, les articles de loi dont l&#x27;application est demandée."
                    HPOS="1441.0"
                    VPOS="8637.0"
                    WIDTH="4137.0"
                    HEIGHT="157.0"></String>
          </TextLine>

          
          
          <TextLine ID="6959cb13-9e43-41c8-a115-940ab350e7e5"
                    TAGREFS="LT6926"
                    BASELINE="1441 8845 4972 8858" 
                    HPOS="1425"
                    VPOS="8723"
                    WIDTH="3542"
                    HEIGHT="188">
            <Shape><Polygon POINTS="4959 8762 4881 8762 4802 8762 4724 8762 4646 8762 4567 8762 4489 8762 4411 8762 4332 8762 4254 8762 4176 8754 4097 8754 4019 8754 3940 8754 3862 8754 3784 8754 3705 8754 3627 8754 3549 8754 3470 8754 3392 8754 3314 8754 3235 8754 3157 8754 3079 8754 3000 8754 2922 8754 2844 8754 2765 8747 2687 8747 2609 8747 2530 8747 2452 8747 2373 8747 2295 8747 2217 8747 2138 8747 2060 8747 1982 8747 1903 8747 1825 8747 1747 8747 1668 8747 1590 8747 1512 8747 1488 8723 1433 8723 1433 8841 1425 8880 4951 8911 4967 8856 4959 8762 4959 8762"/></Shape>
	    <String CONTENT="(4) S&#x27;il y a une chambre des délibérations, on mettra que le Tribunal s&#x27;est retiré dans la chambre des délibérations."
                    HPOS="1425"
                    VPOS="8723"
                    WIDTH="3542"
                    HEIGHT="188"></String>
          </TextLine>

          
        </TextBlock>
        
        <TextBlock HPOS="1739.0"
                   VPOS="8928.0"
                   WIDTH="2361.0"
                   HEIGHT="127.0"
                   ID="4af1d619-2e3b-4a69-bd75-ba0b22bea1f6"
                   TAGREFS="BT21628">
          <Shape><Polygon POINTS="1739 8928 4100 8928 4100 9055 1739 9055 1739 8928"/></Shape>
          
          
          <TextLine ID="dbda0795-cd46-42c2-a495-3844007427df"
                    TAGREFS="LT6926"
                    BASELINE="1785 8989 4105 8999" 
                    HPOS="1770"
                    VPOS="8919"
                    WIDTH="2327"
                    HEIGHT="141">
            <Shape><Polygon POINTS="4050 8934 3972 8934 3893 8934 3815 8934 3737 8934 3658 8934 3580 8934 3502 8934 3423 8934 3345 8934 3267 8934 3188 8934 3110 8934 3032 8934 2953 8934 2875 8934 2797 8934 2718 8934 2640 8934 2562 8934 2483 8934 2405 8934 2326 8934 2248 8934 2170 8934 2091 8934 2013 8934 1935 8934 1856 8934 1778 8934 1778 8981 1770 9060 4089 9052 4097 8997 4089 8919 4050 8934"/></Shape>
	    <String CONTENT="Conseil de guerre. - N° 967 de la Nomenclature générale. - Formule n° 16."
                    HPOS="1770"
                    VPOS="8919"
                    WIDTH="2327"
                    HEIGHT="141"></String>
          </TextLine>

          
        </TextBlock>
        

        
      </PrintSpace>
    </Page>
  </Layout>
</alto>
