5719 9240
146 215 3091 185 sur un territoire en état de guerre?

308 1925 4532 277 Les voix recueillies séparément, conformément à l'article 131 du Code de justice militaire, ou commençant par le grade inférieur

223 2140 3044 200 le Président ayant émis son opinion le dernier, le Conseil de guerre permanent déclare

161 2625 5295 293 Sur la 1^re Question: A la majorité de trois voix contre deux l'accusé n'est pas coupable

169 2856 4178 285 Sur la 2^e question: A la majorité de trois voix contre deux non

308 3857 4593 239 Sur quoi, et attendu les conclusions prises par le Commissaire du Gouvernement dans ses réquisitions, le Président a lu le texte

223 4034 4678 216 de la loi, recueilli de nouveau les voix dans la forme prescrite par les articles 131 et 134 du Code de militaire pour l'appli-

223 4173 655 154 cation de la peine.

308 4211 3823 247 Le Conseil est rentré en séance publique, le Président a lu les motifs que précèdent et le dispositif ci-dessous.

300 4350 4470 223 En conséquence, le Conseil (1) acquitte le soldat Stamens

154 4496 4778 254 Florentin Joseph susqualifié, de l'accusation dirigée contre lui

131 4635 4763 231 et le Président ordonne qu'il soit mis en liberté s'il n'est

131 4774 4709 269 retenu pour autre cause conformément à l'article 136 du Code

146 4943 2227 200 de Justice Militaire ainsi conçu:

154 5082 4809 207 Article 136 du Code de Justice Militaire: « Si l'accuse n'est pas reconnu coupable

115 5212 4802 262 le conseil son acquittement et le Président ordonne qu'il soit mis

100 5382 2983 277 en liberté s'il n'est retenu pour autre cause

346 8462 4571 146 (1) Avoir soin de spécifier, s'il y a lieu, après t'indication de la peine infligée, la décision motivée du Conseil relative à ma non-imputation pour tout ou

285 8539 2058 208 partie de la détention préventive sur la durée de la peine prononcée.
