6276 9397
1339 438 4482 274 Enjoint au Commissaire du Gouvernement de faire donner immédiatement en sa présence lecture du présent jugement au

1190 626 2437 172 condamné - devant la garde rassemblée sous les armes,

1245 642 4701 289 de avertir que la loi accorde un délai de trois jours francs pour se pourvoir en cassation (1), ou de vingt-quatre heures

1261 869 1113 211 pour se pourvoir en revision (2)

1331 994 3957 337 Fait, clos et jugé sans désemparer, en séance publique, à Hesdin (Pas-de-Calais), les jour, mois et an que dessus.

1347 1221 4615 306 En conséquence, LE PRÉSIDENT DE LA RÉPUBLIQUE MANDE et ORDONNE à tous huissiers sur ce requis de mettre ledit jugement à

1230 1354 4732 290 exécution; aux Procureurs généraux et aux Procureurs de la République près les tribunaux de première instance d'y tenir la

1237 1487 4263 282 main; à tous commandants et officiers de la force publique de prêter main-forte lorsqu'ils en seront légalement requis.

1347 1691 3291 282 En foi de quoi le présent jugement a été signé par les Membres du Conseil et par le Greffier.

4340 1879 839 329 +

1621.0 2200.0 1035.0 243.0 +

2828 2028 1254 571 +

4278 2059 932 619 +

5147.0 2270.0 972.0 431.0 +

5649.0 2411.0 454.0 423.0 +

1386 2881 4451 227 L'an mil neuf cent quatorze le dix-huit novembre le présent jugement à été lu par nous, Greffier soussigné, au condamné

2985 2928 3008 259 averti par le Commissaire du Gouvernement que l'article 44 de la loi du 17 avril

1331 3077 4192 258 1906 accorde trois jours pour se pourvoir en cassation (1), ou que les articles 141 et 143 du Code de justice militaire

1292 3179 4482 274 accordent vingt-quatre heures pour se pourvoir en revision (2), lesquels commencent à courir de l'expiration du présent jour.

5821 3171 188 164 Cette

1292 3437 2241 141 lecture faite en présence de la garde rassemblée sous les armes.

4434 3437 1215 173 approuvant deux mots rayés nuls

2327 3516 1206 219 Le Commissaire du Gouvernement,

2397.0 3711.0 1019.0 329.0 +

4669 3484 400 235 Le Greffier,

4638.0 3578.0 603.0 564.0 +

3165 4236 1003 251 EXÉCUTOIRE.

1410 4479 4795 532 Vu sa procédure instruite contre le nommés Verpraët Marceau et Thiereau Ernest Louis

1253 4917 1442 274 et les frais d'icelle dont le détail suit:

1708 5066 3431 251 1^o Coût du transport des pièces et objets pouvant servie à conviction ou à décharge................. ......

1700 5184 3447 219 2^o Honoraires des officiers de santé, médecins, chirurgiens civils, sages-femmes, experts, interprètes, traducteurs et

1849 5285 3290 227 autres, appelés en justice.................................................................

1700 5379 3432 220 3^o Indemnités accordées aux témoins civils et militaires..............................................

1715 5473 3432 220 4^o Frais de garde de scellés et ceux de mise en fourrière.............................................

1708 5575 3439 211 5^o Indemnités de route, de transport et de séjour, accordées aux membres des tribunaux militaires pour les dépla-

1864 5669 3283 219 cements auxquels l'instruction des procédures peut donner lieu, ainsi que toutes autres dépenses nécessitées

1872 5763 3275 219 de ce chef..............................................................................

1731 5857 3440 227 6^o Port des lettres et paquets pour l'instruction, sauf le port des lettres résultant de l'application de la loi du

1872 5959 3283 211 15 juin 1899............................................................................

1731 6053 3432 227 7^o Frais l'impression des arrêts, jugements et ordonnances de justice, quand il y a lieu..................

1708 6131 3455 219 8^o Prime de capture des contumax, des déserteurs et des insoumis......................................

1723 6225 3526 258 9^o Frais résultant de l'obtention des extraits du casier judiciaire.........................................

1700 6327 3471 211 10^o Prix du bulletin n^o 1 et du duplicata dudit (décret du 12 décembre 1899, art. 13).....................

1708 6436 3471 204 11^o Coût des bulletins n^o 1 et du duplicata de ces bulletins établis par les greffiers des conseils de guerre au sujet

1935 6491 3533 251 des condamnations prononcées par ces conseils (décret du 12 décembre 1899, art. 13).................... 0.40

1715 6632 3714 227 12^o Frais de procédure ou coût du jugement........................................................ 12^f 00

1708 6726 3463 212 13^o Amende.........................................................................................

1692 6804 3502 212 14^o Décimes additionnels (en France)...............................................................

1708 6922 3486 219 15^o Frais fixes de procédure devant la Cour de cassation ou le Conseil de revision...........................

1715 7024 3464 219 16^o Frais fixes de procédure devant le Conseil de guerre jugeant en 2^e instance.............................

2961 7141 2837 259 TOTAL.................................................. 12^f 40

1480 7392 4592 305 Vu le dispositif du jugement définitif, l'article 139 du Code de justice militaire, le Président du - Conseil de guerre

1386 7548 4701 275 permanent de la Xe Armée liquide les frais dont l'état est ci-dessus à la somme de douze francs quarante

1347 7768 494 148 centimes

3149 7666 2931 227 du montant de laquelle il délivre le présent exécutoire, pour le recouvrement de

1394 7799 4568 243 ladite somme être poursuivi sur les biens présents et à venir du condamné, par les percepteurs des Contributions directes.

1496 7901 4591 258 En conséquence, LE PRÉSIDENT DE LA RÉPUBLIQUE MANDE ET ORDONNE a tous huissiers sur ce requis de mettre ledit jugement à

1410 8003 4677 282 exécution; aux Procureurs généraux et aux Procureurs de la République près les tribunaux de première instance d'y tenir la

1331 8159 4310 219 main ; à tous commandants et officiers de la force publique de prêter main-forte lorsqu'ils en seront légalement requis.

1504 8261 4576 251 Fait en la Chambre du Conseil de guerre susdit, à Hesdin, le 18 Novembre 1914

814 8425 3181 212 Le présent jugement a commencé à recevoir son exécution

767 8527 3228 220 dix-huit novembre mil neuf cent quatorze pour compter le

799 8645 2335 250 douze novembre mil neuf cent quatorze

1496 8747 1238 195 (1) En France, en Algérie et en Tunisie.

1496 8856 948 212 (2) Aux colonies et aux armées.

2585 8817 666 243 Le Greffier

2679 8934 1011 455 +

4458 8488 446 180 Le Président

4136 8559 1568 258 apportant un mot rayé nul

4536 8707 1262 259 +
