5949 9301
217 224 4700 272 les voix receuillies conformément à la loi, le Conseil de Guerre déclare

209 403 3576 224 A l'unanimité, l'accusé n'est pas coupable

165 589 4150 206 Le Président a posé alors la question subsidiaire suivante

170 744 4879 209 : Le soldat Monet Alfred Auguste, du 44^eme Bataillon de Chasseurs à pied

139 883 4646 271 est- il coupable d'avoir commis une faute contre la discipline pour

186 1069 4785 264 avoir quitté, sans autorisation le Dépôt des Eclopés d'Aubervillers

186 1240 4824 240 La Courneuve où il venait d'arriver, du 13 octobre 1914, jusqu'au

155 1402 4578 225 16 octobre 1914 date de sa déclaration à la Gendarmerie de

178 1557 4212 248 Maisons-Alfort qu'il était malade dans sa famille?

380 2046 4529 209 Les voix recueillies séparément, conformément à l'article 131 du Code de justice militaire, ou commençant par le grade inférieur

271 2201 3048 178 le Président ayant émis son opinion le dernier, le Conseil de guerre permanent déclare

279 2658 3901 295 A l'unanimité, l'accusé est coupable

364 3929 4584 225 Sur quoi, et attendu les conclusions prises par le Commissaire du Gouvernement dans ses réquisitions, le Président a lu le texte

271 4100 4669 248 de la loi, recueilli de nouveau les voix dans la forme prescrite par les articles 131 et 134 du Code de militaire pour l'appli-

279 4208 659 186 cation de la peine.

380 4278 3808 217 Le Conseil est rentré en séance publique, le Président a lu les motifs que précèdent et le dispositif ci-dessous.

387 4417 4584 287 En conséquence, de Conseil (1) condamne le soldat Monet Alfred

178 4579 4351 265 Auguste, susqualifié, à l'unanimité, à la peine de

224 4735 4530 264 Deux mois de prison par application de l'article

217 4914 4723 240 271 du Code de Justice Militaire. Le Conseil le condamne, en

139 5030 4545 263 outre, aux frais envers l'Etat et fixe au minimum la

209 5185 4739 279 durée de la contrainte pas corps par application des article 139

186 5379 4599 271 du Code de Justice Militaire et 9 de la loi du 22 juillet 1867

186 5557 4700 225 tous articles visés lus par le Président en audience publique et

193 5712 885 232 ainsi conçus:

263 5867 4623 232 Article 271 du Code de Justice Militaire: «  Sont laissées à la répression de l'autorité

147 6030 4793 248 « militaire et punies d'un emprisonnement dont la durée ne peut excéder deux mois ...

186 6177 4335 225 --1^o --- 2^o - les infractions aux règlements relatifs à la discipline

201 6301 4739 256 « Toutefois l'autorité militaire peut toujours, suivant la gravité des faits

124 6464 4700 248 « défier le jugement des contraventions de police au Conseil le Guerre qui

162 6603 3157 217 « applique la peine déterminée par le présent article

217 6766 4746 217 Article 139 du Code de Justice Militaire : « Le jugement qui prononce une peine

131 6890 3475 225 « contre l'accusé le condamne aux frais envers l'Etat

224 7061 4631 224 Article 9 de la loi du 22 juillet 1867: « La durée de la contrainte par corps

170 7239 4770 209 « est réglée ainsi qu'il suit : de deux jours à vingt jours lorsque l'amende

139 7378 3708 256 « et les autres condamnations n'excèdent pas cinquante francs

372 8549 4545 139 (1) Avoir soin de spécifier, s'il y a lieu, après t'indication de la peine infligée, la décision motivée du Conseil relative à ma non-imputation pour tout ou

288 8662 2069 114 partie de la détention préventive sur la durée de la peine prononcée.
