6325 9397
1512.0 383.0 4617.0 204.0 La séance ayant été ouverte, le Président a fait apporter et déposer devant lui, sur le bureau, un exemplaire du Code du justice

1332.0 509.0 4851.0 211.0 militaire, du Code d'instruction criminelle et du Code pénal ordinaire, et ordonnée à la garde d'amener les accusés, qui ont

1337.0 663.0 4988.0 167.0 été introduit, libre et sans fers, devant le Conseil, accompagné de son défenseur le sergent Gosse de la

1363.0 767.0 2743.0 243.0 9^e Section de C. .O A. désigné d'office

1489.0 1307.0 4655.0 259.0 Interrogé de leurs nom, prénoms, âge, lieu de naissance, état profession et domicile les accusés

1442.0 1495.0 4530.0 172.0 ont répondu se nommer 1^o- Degetz Gabriel, âgé de quinze ans, né à

1253.0 1581.0 4962.0 188.0 Lépine, arrondissement de Montreuil (Pas-de-Calais) profession de mineur, domicilié

1355.0 1714.0 1874.0 165.0 à Annezin (Pas-de-Calais)

1340.0 1722.0 4546.0 251.0 2^o Verpraët Marceau, âgé de dix-huit ans, né à Annezin

1316.0 1855.0 4766.0 228.0 arrondissement de Béthune (Pas-de-Calais) célibataire, profession de

1308.0 2004.0 2955.0 172.0 mineur, domicilié à Annezin (Pas de-Calais)

1340.0 2012.0 4898.0 282.0 3^o -Thireau Ernest Louis, âgé de quarante-six ans, né à Paris

1332.0 2200.0 4820.0 172.0 (XIX^e) Seine, Marié, sans enfant, profession de marchand ambulant

1293.0 2278.0 4624.0 321.0 de café et maquignon, domicilié à Annezin (Pas-de-Calais)

1473.0 2850.0 4609.0 204.0 Le Président, après avoir fait lire par le greffier de convocation, le rapport prescrit par l'article 108 du Code de justice

1371.0 2999.0 4687.0 180.0 militaire, et les pièces dont la lecture lui a paru nécessaire, a fait connaître a l'accusé les faits à raison desquels ils sont

1371.0 3116.0 4036.0 180.0 poursuivis, et leur a donné, ainsi qu'au défenseur, l'avertissement indiqué en l'article 121 dudit Code ;

1446.0 3265.0 2002.0 133.0 Après quoi, il a procédé à l'interrogatoire de l'accusé

3549.0 3257.0 2544.0 133.0 et a fait entendre publiquement et séparément les témoins à charge (1)

2233.0 3335.0 3864.0 188.0 ; lesdits témoins ayant au préalable prêté serment de parler sans haine et sans crainte, jure de dire toute

1379.0 3461.0 968.0 172.0 vérité et rien que la vérité;

1410.0 3821.0 4687.0 204.0 Et le Président ayant, en outre, rempli à leur égard les formalités proscrites par las articles 317 et 319 du Code d'instruction

1348.0 3978.0 423.0 164.0 criminelle;

1442.0 4064.0 109.0 258.0 (2)

1457.0 4862.0 4554.0 235.0 Ouï M. le Commissaire du Gouvernement en ses réquisitions tendant à ce que (3) les susnommés Degetz et

1277.0 5011.0 4812.0 173.0 Verpraët soient déclarés coupables de vol d'un cheval appartenant à

1332.0 5129.0 4765.0 164.0 l'Etat et qu'il lui soit fait application des articles 401 du Code pénal

1324.0 5238.0 4836.0 157.0 7 et 8 de la loi du 9 Août 1849, que le nommé Thireau susqualifié

1324.0 5332.0 4656.0 149.0 soit déclaré coupable de complicité par recul de vol d'un cheval

1285.0 5387.0 4836.0 188.0 appartenant à l'Etat et qu'il lui soit fait application des articles 401, 59

1285.0 5489.0 3989.0 188.0 60, 62 du Code pénal. 7 et 8 de la loi du 9 17 Aout 1849

1355.0 5677.0 4727.0 297.0 et les accusés dans leurs moyens de défense, tant par eux que par leur défenseur, lesquels ont

1363.0 5888.0 4703.0 196.0 déclaré n'avoir rien à ajouter à leurs moyens de défense, et ont eu la parole les derniers, le Président a déclaré les débats terminés,

1355.0 6021.0 2313.0 196.0 et il a ordonné au défenseur et aux accusés de se retirer.

1465.0 6366.0 2210.0 211.0 Les accusés ont été reconduits, par l'escorte à la prison;

3699.0 6389.0 2390.0 181.0 le Commissaire du Gouvernement, le Greffier et les assistants dans

1379.0 6515.0 2006.0 180.0 l'auditoire se sont retirés sur l'invitation du Président (4);

3409.0 6507.0 2861.0 164.0 Le Tribunal s'est retiré dans la chambre des délibération

1481.0 6632.0 4632.0 172.0 Le Conseil délibérant à huis clos, le Président a posé les questions, conformément à l'article 132 du Code de justice

1371.0 6726.0 4726.0 212.0 militaire, ainsi qu'il suit: 1^re question : Le nommé Degetz Gabriel, ouvrier mineur

1293.0 6875.0 4977.0 211.0 est-il coupable d'avoir, vers le 6 octobre 1914, pie d'Annezin-le-Béthune

1261.0 7008.0 4852.0 165.0 (Pas-de-Calais) de concert avec le nommé Verpraët Marceau, volé un

1277.0 7133.0 4758.0 196.0 cheval appartenant à l'Etat et qui avait été laissé pas des troupes

1285.0 7220.0 1654.0 187.0 de cavalerie de passage ?

2398.0 7267.0 3707.0 281.0 2 Question: Le nommé Verpraet Maneau, ouvrier mineur

1293.0 7415.0 4765.0 220.0 est-il coupable d'avoir, vers le 6 octobre 1914, à Annezin-les-Béthune

1285.0 7556.0 4804.0 196.0 (Pas-de Calais), de concert avec le nommé Degetz Gabriel, volé un cheval

1269.0 7674.0 4523.0 219.0 appartenant à l'Etat qui avait été laissé pas des troupes de

1308.0 7807.0 1693.0 180.0 cavalerie de passage ?

1442.0 7932.0 932.0 110.0 (1) Et à décharge (s'il y en a).

1439.0 7971.0 4619.0 166.0 (2) Indiquer si des témoins ont été entendus sans prestation de serment, et pour quel motif ; dire que les pièces de conviction, s'il y en a, ont été représentées.

1363.0 8124.0 4681.0 121.0 Indiquer, en outre, ses incidents qui ont pu ce produire, en ayant soin de préciser à quel moment du débat ils ont en lieu, ses conclusions des parties, les

1363.0 8224.0 4687.0 123.0 réquisitions du ministère public, les moyens de défense présentés par l'accusé, et enfin le jugement motivé du Conseil. Dans le cas où le blanc laisse ici ne suf-

1363.0 8277.0 4751.0 153.0 firait pas pour insérer toutes ces mentions, on devra indiquer l'incident et le moment du débat il s'est produit, en ajoutant qu'il y a été statué par jugement

1362.0 8371.0 4737.0 156.0 séparé, lequel est joint et annexé au présent, et alors le jugement séparé doit indiquer la publicité de l'audience, se terminer par la même formule et être signé

1363.0 8513.0 4687.0 124.0 de la même manière que le jugement principal, en mentionnant qu'il y sera annexé comme en taisant partie. En cas de suspension d'audience et de remise au

1355.0 8559.0 2994.0 172.0 lendemain, la mention qui constate cette remise est signée par le Président et le Greffier seulement.

1434.0 8668.0 4091.0 157.0 (3) Indiquer si les réquisitions tendent à la déclaration de culpabilité et, dans ce cas, les articles de loi dont l'application est demandée.

1434.0 8770.0 3464.0 164.0 (4) S'il y a une chambre des délibérations, on mettra que le Tribunal s'est retiré dans la chambre des délibérations.

1732.0 8903.0 2296.0 196.0 Conseil de guerre. - N^o 967 de la Nomenclature générale. - Formule n^o 16.
