6423 9397
1535 375 4386 267 Enjoint au Commissaire du Gouvernement de faire donner immédiatement en sa présence lecture du présent jugement au

1409 555 2413 173 condamné devant la garde rassemblée sous les armes,

1441 610 4676 259 de avertir que la loi accorde un délai de trois jours francs pour se pourvoir en cassation (1), ou de vingt-quatre heures

1425 790 1136 212 pour se pourvoir en revision (2)

1519 947 3956 298 Fait, clos et jugé sans désemparer, en séance publique, à Hesdin, les jour, mois et an que dessus.

1535 1205 4582 243 En conséquence, LE PRÉSIDENT DE LA RÉPUBLIQUE MANDE et ORDONNE à tous huissiers sur ce requis de mettre ledit jugement à

1433 1315 4692 258 exécution; aux Procureurs généraux et aux Procureurs de la République près les tribunaux de première instance d'y tenir la

1433 1448 4183 235 main; à tous commandants et officiers de la force publique de prêter main-forte lorsqu'ils en seront légalement requis.

1527 1722 3298 149 En foi de quoi le présent jugement a été signé par les Membres du Conseil et par le Greffier.

3670.0 1782.0 1363.0 510.0 +

1605.0 2114.0 1230.0 391.0 +

5227.0 2245.0 1038.0 167.0 +

2663.0 2043.0 979.0 635.0 +

4124.0 2440.0 881.0 176.0 +

5589.0 2458.0 361.0 195.0 +

1543 2842 4496 180 L'an mil neuf cent quatorze le dix-huit novembre le présent jugement à été lu par nous, Greffier soussigné, au condamné

3156 2905 3079 211 averti par le Commissaire du Gouvernement que l'article 44 de la loi du 17 avril

1480 3038 4198 219 1906 accorde trois jours pour se pourvoir en cassation (1), ou que les articles 141 et 143 du Code de justice militaire

1456 3147 4465 228 accordent vingt-quatre heures pour se pourvoir en revision (2), lesquels commencent à courir de l'expiration du présent jour.

5968 3140 173 219 Cette

1441 3288 2232 188 lecture faite en présence de la garde rassemblée sous les armes.

2483 3461 1198 203 Le Commissaire du Gouvernement,

2436.0 3711.0 1033.0 314.0 +

4825 3461 391 172 Le Greffier

4668.0 3539.0 603.0 509.0 +

3328 4181 972 251 EXÉCUTOIRE.

1566 4557 4708 454 Vu sa procédure instruite contre le soldat Cocuelle Rodolphe Alphonse Charles Elie Victor

1456 4847 1395 227 et les frais d'icelle dont le détail suit:

1848 5019 3415 188 1^o Coût du transport des pièces et objets pouvant servie à conviction ou à décharge................. ......

1848 5121 3423 203 2^o Honoraires des officiers de santé, médecins, chirurgiens civils, sages-femmes, experts, interprètes, traducteurs et

2005 5215 3258 188 autres, appelés en justice.................................................................

1848 5317 3407 188 3^o Indemnités accordées aux témoins civils et militaires..............................................

1856 5387 3415 204 4^o Frais de garde de scellés et ceux de mise en fourrière.............................................

1856 5481 3407 212 5^o Indemnités de route, de transport et de séjour, accordées aux membres des tribunaux militaires pour les dépla-

1997 5544 3282 227 cements auxquels l'instruction des procédures peut donner lieu, ainsi que toutes autres dépenses nécessitées

2005 5677 3274 196 de ce chef..............................................................................

1856 5732 3446 282 6^o Port des lettres et paquets pour l'instruction, sauf le port des lettres résultant de l'application de la loi du

2020 5888 3259 196 15 juin 1899............................................................................

1864 5982 3407 196 7^o Frais l'impression des arrêts, jugements et ordonnances de justice, quand il y a lieu..................

1872 6084 3399 188 8^o Prime de capture des contumax, des déserteurs et des insoumis......................................

1848 6170 3431 188 9^o Frais résultant de l'obtention des extraits du casier judiciaire.........................................

1840 6272 3439 180 10^o Prix du bulletin n^o 1 et du duplicata dudit (décret du 12 décembre 1899, art. 13).....................

1832 6358 3463 188 11^o Coût des bulletins n^o 1 et du duplicata de ces bulletins établis par les greffiers des conseils de guerre au sujet

2060 6436 3470 196 des condamnations prononcées par ces conseils (décret du 12 décembre 1899, art. 13).................... 0,40

1840 6546 3697 196 12^o Frais de procédure ou coût du jugement........................................................ 12^f 00

1840 6648 3447 180 13^o Amende.........................................................................................

1832 6742 3470 180 14^o Décimes additionnels (en France)...............................................................

1832 6867 3463 157 15^o Frais fixes de procédure devant la Cour de cassation ou le Conseil de revision...........................

1832 6945 3455 165 16^o Frais fixes de procédure devant le Conseil de guerre jugeant en 2^e instance.............................

3094 7063 2592 313 TOTAL.................................................. 12.40

1597 7368 4606 227 Vu le dispositif du jugement définitif, l'article 139 du Code de justice militaire, le Président du - Conseil de guerre

1496 7494 4731 227 permanent de la X^e Armée liquide les trais dont l'état est ci-dessus à la somme de douze francs quarante

1543 7627 4660 196 centimes - du montant de laquelle il délivre le présent exécutoire, pour le recouvrement de

1496 7736 4566 204 ladite somme être poursuivi sur les biens présents et à venir du condamné, par les percepteurs des Contributions directes.

1597 7838 4598 204 En conséquence, LE PRÉSIDENT DE LA RÉPUBLIQUE MANDE ET ORDONNE à tous huissiers sur ce requis de mettre ledit jugement à

1496 7963 4692 188 exécution; aux Procureurs généraux et aux Procureurs de la République près les tribunaux de première instance d'y tenir la

1488 8081 4237 188 main ; à tous commandants et officiers de la force publique de prêter main-forte lorsqu'ils en seront légalement requis.

1605 8214 2350 180 Fait en la Chambre du Conseil de guerre susdit, à Hesdin

4378 8167 1488 274 , le 18 Novembre 1914

971 8324 3047 195 Le présent jugement a commencé à recevoir son exécution

994 8410 3016 211 le dix-huit novembre mil neuf cent quatorze pour

1010 8574 2718 204 compter du huit novembre mil neuf cent quatorze

1582 8645 1214 172 (1) En France, en Algérie et en Tunisie.

1590 8754 940 204 (2) Aux colonies et aux armées.

2655 8676 783 258 Le Greffier

2890.0 8848.0 509.0 361.0 +

4535 8433 454 212 Le Président,

4715.0 8629.0 1081.0 290.0 +
