6398 9397
1652 407 4714 219 Enjoint au Commissaire du Gouvernement de faire donner immédiatement en sa présence lecture du présent jugement au soldat

1119 563 2827 188 Dequeker Henri Louis Joseph devant la garde rassemblée sous les armes,

1574 626 4659 227 de avertir que la loi accorde un délai de trois jours francs pour se pourvoir en cassation (1), ou de vingt-quatre heures

1566 790 1057 212 pour se pourvoir en revision (2)

1628 971 3971 258 Fait, clos et jugé sans désemparer, en séance publique, à Hesdin, les jour, mois et an que dessus.

1621 1245 4651 195 En conséquence, LE PRÉSIDENT DE LA RÉPUBLIQUE MANDE et ORDONNE à tous huissiers sur ce requis de mettre ledit jugement à

1542 1362 4722 196 exécution; aux Procureurs généraux et aux Procureurs de la République près les tribunaux de première instance d'y tenir la

1542 1495 4221 212 main; à tous commandants et officiers de la force publique de prêter main-forte lorsqu'ils en seront légalement requis.

1613 1691 3328 188 En foi de quoi le présent jugement a été signé par les Membres du Conseil et par le Greffier.

3884.0 2075.0 822.0 336.0 +

4651.0 2200.0 713.0 407.0 +

2537.0 2216.0 893.0 540.0 +

5622.0 2192.0 650.0 478.0 +

4612 2474 799 423 +

6037.0 2592.0 282.0 227.0 +

1582 2881 4643 136 L'an mil neuf cent quinze le dix-huit janvier le présent jugement a été lu par nous, Greffier soussigné, au soldat Dequeker

1323 2967 1096 165 Henri Louis Joseph

2529 2952 3696 180 averti par le Commissaire du Gouvernement que l'article 44 de la loi du 17 avril

1550 3077 4252 180 1906 accorde trois jours pour se pourvoir en cassation (1), ou que les articles 141 et 143 du Code de justice militaire

1542 3194 4503 188 accordent vingt-quatre heures pour se pourvoir en revision (2), lesquels commencent à courir de l'expiration du présent jour.

6076 3194 157 243 Cette

1542 3343 2260 126 lecture faite en présence de la garde rassemblée sous les armes.

2576 3464 1216 224 Le Commissaire du Gouvernement,

2787.0 3610.0 893.0 328.0 +

4933 3492 392 227 Le Greffier,

4925 3610 337 211 +

3414.0 4220.0 979.0 243.0 EXÉCUTOIRE.

1621 4588 4659 431 Vu la procédure instruite contre le soldat Dequeker Henri Louis Joseph

1487 4815 1426 282 et les frais d'icelle dont le détail suit:

1895 5011 3445 204 1^o Coût du transport des pièces et objets pouvant servie à conviction ou à décharge................. ......

1895 5168 3445 149 2^o Honoraires des officiers de santé, médecins, chirurgiens civils, sages-femmes, experts, interprètes, traducteurs et

2043 5270 3297 156 autres, appelés en justice.................................................................

1902 5340 3438 172 3^o Indemnités accordées aux témoins civils et militaires..............................................

1902 5458 3438 156 4^o Frais de garde de scellés et ceux de mise en fourrière.............................................

1871 5544 3469 164 5^o Indemnités de route, de transport et de séjour, accordées aux membres des tribunaux militaires pour les dépla-

2036 5646 3312 164 cements auxquels l'instruction des procédures peut donner lieu, ainsi que toutes autres dépenses nécessitées

2036 5755 3312 133 de ce chef..............................................................................

1902 5818 3446 180 6^o Port des lettres et paquets pour l'instruction, sauf le port des lettres résultant de l'application de la loi du

2043 5935 3305 157 15 juin 1899............................................................................

1902 6006 3438 188 7^o Frais l'impression des arrêts, jugements et ordonnances de justice, quand il y a lieu..................

1887 6123 3453 172 8^o Prime de capture des contumax, des déserteurs et des insoumis......................................

1871 6217 3469 157 9^o Frais résultant de l'obtention des extraits du casier judiciaire.........................................

1863 6311 3477 149 10^o Prix du bulletin n^o 1 et du duplicata dudit (décret du 12 décembre 1899, art. 13).....................

1863 6405 3485 165 11^o Coût des bulletins n^o 1 et du duplicata de ces bulletins établis par les greffiers des conseils de guerre au sujet

2083 6507 3265 149 des condamnations prononcées par ces conseils (décret du 12 décembre 1899, art. 13)....................

1863 6570 3744 211 12^o Frais de procédure ou coût du jugement........................................................ 12^f 00

1871 6703 3469 148 13^o Amende.........................................................................................

1863 6789 3485 180 14^o Décimes additionnels (en France)...............................................................

1871 6891 3469 172 15^o Frais fixes de procédure devant la Cour de cassation ou le Conseil de revision...........................

1855 6969 3485 227 16^o Frais fixes de procédure devant le Conseil de guerre jugeant en 2^e instance.............................

3116 7149 2232 196 TOTAL..................................................

1628 7384 4605 227 Vu le dispositif du jugement définitif, l'article 139 du Code de justice militaire, le Président du  Conseil de guerre

1527 7548 3539 173 permanent de la  liquide les frais dont l'état est ci-dessus à la somme de

3289 7666 2921 180 du montant de laquelle il délivre le présent exécutoire, pour le recouvrement de

1542 7760 4534 211 ladite somme être poursuivi sur les biens présents et à venir d condamné, par les percepteurs des Contributions directes.

1621 7893 4604 180 En conséquence, LE PRÉSIDENT DE LA RÉPUBLIQUE MANDE ET ORDONNE a tous huissiers sur ce requis de mettre ledit jugement à

1527 8010 4683 196 exécution; aux Procureurs généraux et aux Procureurs de la République près les tribunaux de première instance d'y tenir la

1527 8120 4205 180 main; à tous commandants et officiers de la force publique de prêter main-forte lorsqu'ils en seront légalement requis.

1613 8230 4268 282 Fait en la Chambre du Conseil de guerre susdit, à Hesdin (Pas-de-Calais), le 18 Novembre 1915

1581 8707 1269 134 (1) En France, en Algérie et en Tunisie.

1589 8770 987 196 (2) Aux colonies et aux armées.

4549 8512 470 133 Le Président,

4448 8598 728 376 +
