6471 9397
1441 365 4962 240 Enjoint au Commissaire du Gouvernement de faire donner immédiatement en sa présence lecture du présent jugement au soldat

1433 509 2507 195 Georges Henri devant la parde rassemblée sous les armes,

1527 649 4708 188 de avertir que la loi accorde un délai de trois jours francs pour se pourvoir en cassation (1), ou de vingt-quatre heures

1535 783 1159 195 pour se pourvoir en revision (2).

1621 971 3964 227 Fait, clos et jugé sans désemparer, en séance publique, à Hesdin, les jour, mois et an que dessus.

1598 1213 4653 196 En conséquence, LE PRÉSIDENT DE LA RÉPUBLIQUE MANDE et ORDONNE à tous huissiers sur ce requis de mettre ledit jugement à

1527 1354 4716 180 exécution; aux Procureurs généraux et aux Procureurs de la République près les tribunaux de première instance d'y tenir la

1519 1472 4246 195 main; à tous commandants et officiers de la force publique de prêter main-forte lorsqu'ils en seront légalement requis.

1613 1675 3314 220 En foi de quoi le présent jugement a été signé par les Membres du Conseil et par le Greffier.

4653.0 2004.0 564.0 298.0 +

2890 1863 893 572 +

5256.0 2067.0 909.0 391.0 +

3830 2090 768 392 +

6102.0 2380.0 290.0 274.0 +

4935.0 2388.0 1018.0 438.0 +

1621 2858 4716 164 L'an mil neuf cent quinze le dix huit Janvier le présent jugement a été lu par nous, Greffier soussigné, au soldat Pape

1410 2913 658 227 Georges Henri

3188.0 2928.0 3040.0 180.0 averti par le Commissaire du Gouvernement que l'article 44 de la loi du 17 avril

1527 3061 4278 173 1906 accorde trois jours pour se pourvoir en cassation (1), ou que les articles 141 et 143 du Code de justice militaire

1519 3179 4489 188 accordent vingt-quatre heures pour se pourvoir en revision (2), lesquels commencent à courir de l'expiration du présent jour.

6071 3171 180 251 Cette

1519 3288 2249 212 lecture faite en présence de la garde rassemblée sous les armes.

2553 3453 1246 211 Le Commissaire du Gouvernement,

2851.0 3656.0 1113.0 282.0 +

4896 3453 423 211 Le Greffier,

4880 3594 462 376 +

3407 4220 972 212 EXÉCUTOIRE.

1621 4581 4238 360 Vu la procédure instruite contre le soldat Papé Georges Henri

1511 4855 1395 203 et les frais d'icelle dont le détail suit:

1895 5011 3432 204 1^o Coût du transport des pièces et objets pouvant servie à conviction ou à décharge................. ......

1911 5152 3431 157 2^o Honoraires des officiers de santé, médecins, chirurgiens civils, sages-femmes, experts, interprètes, traducteurs et

2044 5262 3291 141 autres, appelés en justice.................................................................

1888 5340 3454 165 3^o Indemnités accordées aux témoins civils et militaires..............................................

1888 5450 3447 141 4^o Frais de garde de scellés et ceux de mise en fourrière.............................................

1903 5528 3432 165 5^o Indemnités de route, de transport et de séjour, accordées aux membres des tribunaux militaires pour les dépla-

2044 5630 3306 188 cements auxquels l'instruction des procédures peut donner lieu, ainsi que toutes autres dépenses nécessitées

2060 5740 3290 156 de ce chef..............................................................................

1895 5810 3447 180 6^o Port des lettres et paquets pour l'instruction, sauf le port des lettres résultant de l'application de la loi du

2021 5927 3321 141 15 juin 1899............................................................................

1872 6014 3463 164 7^o Frais l'impression des arrêts, jugements et ordonnances de justice, quand il y a lieu..................

1864 6108 3471 164 8^o Prime de capture des contumax, des déserteurs et des insoumis......................................

1872 6209 3463 157 9^o Frais résultant de l'obtention des extraits du casier judiciaire.........................................

1872 6303 3470 165 10^o Prix du bulletin n^o 1 et du duplicata dudit (décret du 12 décembre 1899, art. 13).....................

1872 6405 3478 165 11^o Coût des bulletins n^o 1 et du duplicata de ces bulletins établis par les greffiers des conseils de guerre au sujet

2060 6507 3282 149 des condamnations prononcées par ces conseils (décret du 12 décembre 1899, art. 13)....................

1864 6585 3753 180 12^o Frais de procédure ou coût du jugement........................................................ 12^f 00

1864 6695 3478 149 13^o Amende.........................................................................................

1841 6773 3509 180 14^o Décimes additionnels (en France)...............................................................

1856 6867 3479 165 15^o Frais fixes de procédure devant la Cour de cassation ou le Conseil de revision...........................

1864 6961 3471 196 16^o Frais fixes de procédure devant le Conseil de guerre jugeant en 2^e instance.............................

3094 7141 2241 204 TOTAL..................................................

1629 7400 4614 195 Vu le dispositif du jugement définitif, l'article 139 du Code de justice militaire, le Président du Conseil de guerre

1527 7548 3455 173 permanent de la liquide les frais dont l'état est ci-dessus à la somme de

3274 7650 2977 180 du montant de laquelle il délivre le présent exécutoire, pour le recouvrement de

1535 7736 4599 212 ladite somme être poursuivi sur les biens présents et à venir d - condamné, par les percepteurs des Contributions directes.

1613 7885 4615 165 En conséquence, LE PRÉSIDENT DE LA RÉPUBLIQUE MANDE ET ORDONNE a tous huissiers sur ce requis de mettre ledit jugement à

1519 7987 4685 227 exécution; aux Procureurs généraux et aux Procureurs de la République près les tribunaux de première instance d'y tenir la

1519 8104 4254 188 main; à tous commandants et officiers de la force publique de prêter main-forte lorsqu'ils en seront légalement requis.

1605 8214 4035 258 Fait en la Chambre du Conseil de guerre susdit, à Hesdin (Pas-de-Calais), le 18 Novembre 1915

1582 8692 1277 141 (1) En France, en Algérie et en Tunisie.

1598 8762 979 180 (2) Aux colonies et aux armées.

4567 8496 454 133 Le Président,

4543 8598 745 360 +
