5719 9240
408.0 284.0 1317.0 370.0 N° DU JUGEMENT: 32

716.0 746.0 293.0 178.0 (Art. 140

400.0 903.0 902.0 202.0 du Code de justice militaire.)

439.0 1078.0 809.0 246.0 MINUTE DE JUGEMENT.

1803.0 539.0 1734.0 207.0 RÉPUBLIQUE FRANÇAISE.

2181.0 1270.0 940.0 246.0 JUGEMENT

732.0 1524.0 3653.0 262.0 rendu par le  - CONSEIL DE GUERRE permanent de la X^e Armée

2019.0 1740.0 2744.0 308.0 séant à Hesdin (Pas-de-Calais)

3699.0 1270.0 1102.0 131.0 28 Décembre 1914

3672.0 1381.0 1106.0 135.0 an  2 janvier 1915

4323.0 423.0 262.0 131.0 N^o 967

3977.0 469.0 948.0 270.0 DE LA NOMENCLATURE GÉNÉRALE.

4092.0 685.0 725.0 192.0 [FORMULE N^o 16.]

4015.0 893.0 848.0 269.0 N° 32 D'ORDRE.

4054.0 1147.0 786.0 146.0 Date du crime ou du délit.

2034.0 2225.0 1257.0 246.0 AU NOM DU PEUPLE FRANÇAIS,

431.0 2417.0 2860.0 262.0 Le - Conseil de guerre permanent de la Xᵉ Armée

323.0 2641.0 1696.0 192.0 a rendu le jugement dont la teneur suit:

423.0 2772.0 3245.0 292.0 CEJOURD'HUI Onze Janvier de l'an mil neuf cent quinze

416.0 2987.0 3168.0 200.0 Le - Conseil de guerre permanent de la X^e Armée

323.0 3095.0 2921.0 185.0 composé, conformément aux articles 33 et 34 du Code de justice militaire, de MM.

246.0 3257.0 3484.0 231.0 de Laage, Chef d'Escadrons du service des Etapes

4208.0 3264.0 362.0 293.0 Président;

238.0 3426.0 2451.0 285.0 Cabis - Capitaine de Gendarmerie

231.0 3619.0 3561.0 315.0 Delettre - Capitaine au 25 Régiment de Dragons

231.0 3865.0 3769.0 231.0 de Boisredon - Lieutenant au 15 Régiment de Dragons

208.0 4050.0 3884.0 269.0 Darmaillac - Maréchal-des-logis au 15 Régiment de Dragons

4185.0 3942.0 269.0 192.0 Juges.

308.0 4458.0 3753.0 285.0 tous nommés par le (1) Général Commandant la X^e Armée

308.0 4658.0 2428.0 177.0 M. Villers, Capitaine, Commissaire du Gouvernement;

308.0 4766.0 2212.0 169.0 M. Grimaud Adjudant C Greffier près ledit Conseil;

416.0 4789.0 4077.0 269.0 Lesquels ne se trouvent dans aucun des cas d'incompatibilité prévus par les articles 22, 23 et 24 du Code précités ;

408.0 4981.0 4571.0 178.0 Le Conseil, convoqué par l'ordre du commandant, conformément à l'article 111 du Code de justice militaire, s'est réuni dans

316.0 5097.0 2011.0 177.0 le lieu ordinaire de ses séances, en audience publique (2)

400.0 5128.0 4779.0 254.0 A l'effet de juger le soldat Stamens Florentin Joseph fils de Louis Joseph

300.0 5313.0 4810.0 192.0 et de Léontine Virginie Delabre, né le 26 Novembre 1868 à, a Lille, carrière de la funquée

308.0 5436.0 963.0 177.0 département du Nord

2512.0 5459.0 1149.0 169.0 , profession de maraîcher

308.0 5597.0 3821.0 108.0 résidant, avant son entrée au service, à Lille, carrière de la Funquée (Nord)

423.0 5651.0 2814.0 193.0 Taille d'un mètre - 710 - millimètres, cheveux chatains

3938.0 5590.0 832.0 262.0 , front découvert

323.0 5767.0 424.0 192.0 yeux roux

1942.0 5782.0 416.0 193.0 , nez fort

3560.0 5790.0 586.0 285.0 visage plein

400.0 5882.0 1796.0 193.0 Renseignements physionomiques complémentaires:

2651.0 5898.0 493.0 200.0 Néant

408.0 6041.0 3083.0 203.0 Marques particulières : Néant, N^o M^le 736 - Marié - Enfants

331.0 6090.0 100.0 208.0 (3)

277.0 6221.0 5018.0 339.0 R. A. T de la classe 1888.  du 8^o Régiment Territorial d'Infanterie

246.0 6414.0 2968.0 308.0 affecté au Bataillon de Génie des Etapes

292.0 6776.0 4842.0 308.0 Accusé de désertion à l'intérieur sur un territoire

238.0 7014.0 1372.0 216.0 en état de guerre

1017.0 7315.0 2543.0 469.0 Condamnations Antérieures

2289.0 7653.0 593.0 339.0 Néant

416.0 8108.0 4578.0 123.0 (1) Le gouverneur civil ou militaire. - Le général commandant le corps d'armée (France). Le général commandant la division militaire, la division ou

301.0 8165.0 3785.0 112.0 la brigade d'occupation, etc... – ou le ministre de la guerre, selon les cas prévus par l'article 8 du Code de justice militaire.

412.0 8254.0 4575.0 115.0 (2) Si le huis clos a été ordonné, le dire en visant l'article 113 du Code de justice militaire ; il ne peut être ordonné que pour les débats, et tous les jugements

312.0 8336.0 1180.0 110.0 doivent être prononcés publiquement.

416.0 8431.0 3129.0 123.0 (3) Indiquer le crime ou le délit sur lequel l'accusé a été traduit devant de Conseil de guerre (art. 140).

431.0 8624.0 663.0 169.0 FORMULE N^o 16.

7.0 7730.0 100.0 470.0 521-463-1914.
