5901 9240
485 2086 4483 324 Les voix recueillies séparément, conformément à l'article 131 du Code de justice militaire, eu commençant par le grade intérieurs.

400 2240 2981 254 le Président ayant émis son opinion le dernier, le Conseil de guerre permanent déclare

369 2718 4561 415 A la majorité de trois voix contre deux l'accusé est coupable

454 3996 4499 308 Sur quoi, et attendu les conclusions prises par le Commissaire du Gouvernement dans ses réquisitions, le Président a lu le texte

362 4158 4560 315 de la loi, recueilli de nouveau les voix dans la forme prescrite par les articles 231 et 134 du Code de justice militaire pour l'appli-

362 4281 654 161 cation de la peine.

454 4381 3752 231 Le Conseil est rentré en séance publique, le Président a lu les motifs qui précédent et le dispositif ci-dessous.

462 4504 4822 270 En conséquence, le Conseil (1) condamne le soldat Bec Victor

277 4589 4506 339 Pierre, susqualifié à le majorité de trois voix contre deux à la

238 4774 5116 361 peine de Cinquante francs d'amende par application des articles

215 4974 5046 315 12^e de la loi du 3 Mai 1844 sur la police de le chasse, 7 et 8 de la

207 5166 5085 347 loi du 9 Aout 1849 sur l'état de siège. Le Conseil le condamne, en outre,

207 5390 5008 292 aux frais envers l'État et fixe au minimum la durée de la contrainte par

200 5536 5107 354 corps par application des articles 139 du Code de Justice Militaire et 9 de la

200 5698 4915 377 loi du 22 Juillet 1867, tous articles visés lus par le Président en audience

223 5844 4168 377 publique. Les articles dont la pénalité a été appliquée sont ainsi conçus

215 6029 5046 369 Article 12^10 de la loi du 3 mai 1844 sur la police de la chasse : « -- Seront punis d'une amende de

223 6206 5084 315 50 à 200 francs et pourront en outre l'Etre, d'un emprisonnement de six jours à deux mois

231 6321 2650 262 1^o- Ceux qui auront chassé en temps prohibé

200 6460 5161 369 Article 139 du Code de Justice militaire: « Le jugement qui prononce une peine contre l'accusé le

184 6568 1626 238 condamne aux frais envers l'Etat

184 6714 5223 362 Article 9 de la loi du 22 Juillet 1867: « La durée de la contrainte par corps est réglée ainsi

200 6837 5069 347 qu'il soit: le vingt jours à quarante jours lorsque l'amende et les autres condamnations

161 7007 4022 361 sont supérieures à cinquante francs et qu'elles n'excèdent pas cent francs.

354 8577 4545 231 (1) Avoir soin de spécifier, s'il y a lieu, après t'indication de la peine infligée, la décision motivée du Conseil relative à ma non-imputation pour tout ou

261 8677 2034 201 partie de la détention préventive sur la durée de la peine prononcée.
