6471 9397
1700 344 4590 235 La séance ayant été ouverte, le Président a fait apporter et déposer devant lui, sur le bureau, un exemplaire du Code de justice

1574 509 4614 195 militaire, du Code d'instruction criminelle et du Code pénal ordinaire, et ordonné à la garde d'amener l'accusé, qui a

1582 649 4685 165 été introduit, libre et sans fers, devant le Conseil, accompagné de son défenseur M Laporte Lieutenant

1488 736 2421 289 attaché de 1^re classe à l'Intendance

1653 1276 4622 258 Interrogé de ses nom  prénoms, âge, lieu de naissance, état profession, et domicile l'accusé

1637 1495 4606 196 a répondu se nommer Salome Henri Fidèle Joseph, âgé de quarante

1457 1620 4833 235 six ans, né à Estaires (Nord), veuf, trois enfants, profession

1464 1785 4756 282 de mineur, domicilié à Noyelles- les-Vermelle (Pas-de-Calais)

1480 1965 4505 227 actuellement RAT de la classe 1889 du 8 Régiment

1488 2153 4591 266 Territorial d'Infanterie affecté au Bataillon de Génie des

1504 2325 493 251 étapes.

1645 2787 4606 251 Le Président, après avoir fait ire le greffier de convocation, le rapport prescrit par l'article 108 du Code de justice

1527 2975 4622 165 militaire, et les pièces dont la lecture lui a paru nécessaire, a fait connaître a l'accusé les faits à raison desquels il est

1519 3101 4051 180 poursuivi, et lui a donné, ainsi qu'au défenseur, l'avertissement indiqué en l'article 121 dudit Code;

1613 3202 2029 173 Après quoi, il a procédé à l'interrogatoire de l'accusé

3713 3218 2577 157 et a fait entendre publiquement et séparément les témoins à charge (1)

2405 3320 3846 188 ; lesdits témoins ayant au préalable prêté serment de parler sans haine et sans crainte, juré de dire toute la

1511 3429 1050 212 vérité et rien que la vérité;

1645 3790 4598 227 Et le Président ayant, en outre, rempli à leur égard les formalités prescrites par les articles 317 et 319 du Code d'instruction

1511 3931 439 219 criminelle;

1645 4064 86 282 (2)

1605 4831 4497 290 Ouï M. le Commissaire du Gouvernement en ses réquisitions tendant à ce que (3) le susnommé soit

1472 5011 4231 243 déclaré coupable de désertion à l'intérieur sur un

1449 5176 4888 258 territoire en état de guerre et qu'il lui soit fait application

1457 5332 4355 267 des articles 231, 232, 234 du Code de Justice Militaire

1511 5685 4756 258 et l'accusé dans ses moyens de défense, tant par lui que par son défenseur, lesquels ont

1511 5888 4740 188 déclaré n'avoir rien à ajouter à leurs moyens de défense, et ont eu la parole les derniers, le Président a déclaré les débats terminés,

1504 6014 2373 188 et il a ordonné au défenseur et a l'accusé de se retirer.

1613 6366 2233 188 L'accusé a été reconduit par l'escorte à la prison;

3870 6319 2326 235 le Commissaire du Gouvernement, le Greffier et les assistants dans

1535 6491 1998 188 l'auditoire se sont retirés sur l'invitation du Président (4)

3541 6460 2867 227 Le Tribunal s'est retiré dans la chambre de des délibérations

1621 6601 4622 211 Le Conseil délibérant à huis clos, le Président a posé les questions, conformément à l'article 132 du Code de justice

1519 6742 4709 188 militaire, ainsi qu'il suit: 1^re Question: Le soldat Salomé Henri Fidèle

1464 6875 4677 258 Joseph RAT de la classe 1889 du 8^e Régiment Territorial

1480 7047 4763 298 d'Infanterie, affecté au Bataillon de Génie des Etapes, est-il

1457 7227 4771 314 coupable de désertion à l'intérieur pour s'être absenté, sans

1449 7423 4677 298 autorisation, de son detachement à Isberques (Pas-de-

1417 7635 4818 305 Calais) du 28 Nécembre 1914, jour de l'absence constatée

1621 7932 925 102 (1) Et à décharge (s'il y en a).

1598 7932 4630 204 (2) Indiquer si des témoins ont été entendus sans prestation de serment, et pour quel motif ; dire que les pièces de conviction, s'il y en a, ont été représentées.

1519 8050 4709 180 Indiquer, en outre, ses incidents qui ont pu ce produire, en ayant soin de préciser à quel moment du débat ils ont en lieu, ses conclusions des parties, les

1527 8167 4693 157 réquisitions du ministère public, les moyens de défense présentés par l'accusé, et enfin le jugement motivé du Conseil. Dans le cas où le blanc laisse ici ne suf-

1519 8253 4693 172 firait pas pour insérer toutes ces mentions, on devra indiquer l'incident et le moment du débat il s'est produit, en ajoutant qu'il y a été statué par jugement

1511 8347 4701 172 séparé, lequel est joint et annexé au présent, et alors le jugement séparé doit indiquer la publicité de l'audience, se terminer par la même formule et être signé

1519 8457 4685 156 de la même manière que le jugement principal, en mentionnant qu'il y sera annexé comme en taisant partie. En cas de suspension d'audience et de remise au

1519 8543 2993 172 lendemain, la mention qui constate cette remise est signée par le Président et le Greffier seulement.

1598 8645 4081 164 (3) Indiquer si les réquisitions tendent à la déclaration de culpabilité et, dans ce cas, les articles de loi dont l'application est demandée.

1566 8723 3510 211 (4) S'il y a une chambre des délibérations, on mettra que le Tribunal s'est retiré dans la chambre des délibérations.

1888 8911 2311 157 Conseil de guerre. - N^o 967 de la Nomenclature générale. - Formule n^o 16.
