5840 9240
893 215 4191 270 2^e Question: Ledit abandon de poste a-t-il eu

269 346 3683 331 lieu sur un territoire en état de guerre?

446 1971 4523 323 Les voix recueillies séparément, conformément à l'article 131 du Code de justice militaire, ou commençant par le grade inférieur

369 2148 3013 269 le Président ayant émis son opinion le dernier, le Conseil de guerre permanent déclare

300 2664 4784 392 Sur la 1^re question: A l'unanimité, l'accusé n'est pas coupable

269 2910 3059 362 Sur la 2^e question: A l'unanimité, non

423 3896 4561 277 Sur quoi, et attendu les conclusions prises par le Commissaire du Gouvernement dans ses réquisitions, le Président a lu le texte

346 4065 4607 239 de la loi, recueilli de nouveau les voix dans la forme prescrite par les articles 131 et 134 du Code de militaire pour l'appli-

346 4196 670 154 cation de la peine.

423 4296 3791 193 Le Conseil est rentré en séance publique, le Président a lu les motifs que précèdent et le dispositif ci-dessous.

446 4419 4377 247 En conséquence, le Conseil (1) acquitté le soldat Papé

292 4512 4754 339 Georges Henri, susqualifié, de l'accusation dirigée contre lui

254 4689 4530 323 et le Président ordonne qu'il soit mis en liberté s'il

215 4897 4792 339 n'est retenu pour autre cause conformément à l'article 136 du

208 5074 2658 285 Code de Justice Militaire ainsi conçus:

292 5282 4839 346 Article 134 du Code de Justice Militaire: « Si l'accusé n'est pas reconnu coupable

208 5551 4661 247 le Conseil prononce son acquittement et le Président ordonne qu'il soit mis en

208 5667 2480 254 liberté s'il n'est retenu pour autre cause

377 8562 4561 169 (1) Avoir soin de spécifier, s'il y a lieu, après t'indication de la peine infligée, la décision motivée du Conseil relative à ma non-imputation pour tout ou

308 8600 2034 185 partie de la détention préventive sur la durée de la peine prononcée.
