<?xml version='1.0' encoding='UTF-8'?>
<alto xmlns:xsi="http://www.w3.org/2001/XMLSchema-instance" xmlns="http://www.loc.gov/standards/alto/ns-v4#" xsi:schemaLocation="http://www.loc.gov/standards/alto/ns-v4# http://www.loc.gov/standards/alto/v4/alto-4-2.xsd">
  <Description>
    <MeasurementUnit>pixel</MeasurementUnit>
    <sourceImageInformation>
      <fileName>11_J_184_0191.jpg</fileName>
      
    </sourceImageInformation>
  </Description>
  
  <Tags>
    <OtherTag ID="BT16575" LABEL="MarginTextZone" DESCRIPTION="block type MarginTextZone"/><OtherTag ID="BT16576" LABEL="DamageZone" DESCRIPTION="block type DamageZone"/><OtherTag ID="BT16577" LABEL="DigitizationArtefactZone" DESCRIPTION="block type DigitizationArtefactZone"/><OtherTag ID="BT16578" LABEL="DropCapitalZone" DESCRIPTION="block type DropCapitalZone"/><OtherTag ID="BT16579" LABEL="GraphicZone" DESCRIPTION="block type GraphicZone"/><OtherTag ID="BT16580" LABEL="MusicZone" DESCRIPTION="block type MusicZone"/><OtherTag ID="BT16581" LABEL="NumberingZone" DESCRIPTION="block type NumberingZone"/><OtherTag ID="BT16582" LABEL="QuireMarksZone" DESCRIPTION="block type QuireMarksZone"/><OtherTag ID="BT16583" LABEL="RunningTitleZone" DESCRIPTION="block type RunningTitleZone"/><OtherTag ID="BT16584" LABEL="SealZone" DESCRIPTION="block type SealZone"/><OtherTag ID="BT16585" LABEL="StampZone" DESCRIPTION="block type StampZone"/><OtherTag ID="BT16586" LABEL="TableZone" DESCRIPTION="block type TableZone"/><OtherTag ID="BT16587" LABEL="TitlePageZone" DESCRIPTION="block type TitlePageZone"/><OtherTag ID="BT19261" LABEL="MainZone" DESCRIPTION="block type MainZone"/><OtherTag ID="BT21623" LABEL="MainZone-judgementNumber" DESCRIPTION="block type MainZone-judgementNumber"/><OtherTag ID="BT21624" LABEL="MainZone-judgementPlace" DESCRIPTION="block type MainZone-judgementPlace"/><OtherTag ID="BT21625" LABEL="MainZone-orderNumber" DESCRIPTION="block type MainZone-orderNumber"/><OtherTag ID="BT21626" LABEL="MainZone-crimeDate" DESCRIPTION="block type MainZone-crimeDate"/><OtherTag ID="BT21627" LABEL="MarginTextZone-note" DESCRIPTION="block type MarginTextZone-note"/><OtherTag ID="BT21628" LABEL="QuireMarksZone-signature" DESCRIPTION="block type QuireMarksZone-signature"/><OtherTag ID="BT21629" LABEL="CustomZone-signature" DESCRIPTION="block type CustomZone-signature"/><OtherTag ID="BT21630" LABEL="MarginTextZone-addition" DESCRIPTION="block type MarginTextZone-addition"/>
    <OtherTag ID="LT6926" LABEL="DefaultLine" DESCRIPTION="line type DefaultLine"/><OtherTag ID="LT6927" LABEL="HeadingLine" DESCRIPTION="line type HeadingLine"/><OtherTag ID="LT6928" LABEL="InterlinearLine" DESCRIPTION="line type InterlinearLine"/><OtherTag ID="LT8439" LABEL="CustomLine:scratched" DESCRIPTION="line type CustomLine:scratched"/><OtherTag ID="LT8440" LABEL="CustomLine:signature" DESCRIPTION="line type CustomLine:signature"/><OtherTag ID="LT8441" LABEL="CustomLine:margin" DESCRIPTION="line type CustomLine:margin"/><OtherTag ID="LT8442" LABEL="default" DESCRIPTION="line type default"/>
  </Tags>
  
  <Layout>
    <Page WIDTH="5901" HEIGHT="9240" PHYSICAL_IMG_NR="131" ID="eSc_dummypage_">
      <PrintSpace HPOS="0" VPOS="0" WIDTH="5901" HEIGHT="9240">
        
        <TextBlock HPOS="220.0" VPOS="286.0" WIDTH="1522.0" HEIGHT="972.0" ID="textblock_00001" TAGREFS="BT21623">
          <Shape><Polygon POINTS="220 286 1742 286 1742 1258 220 1258 220 286"/></Shape>
          
          
          <TextLine ID="textline_00001" TAGREFS="LT6927" BASELINE="361 543 1633 514" HPOS="346" VPOS="315" WIDTH="1279" HEIGHT="378">
            <Shape><Polygon POINTS="354 539 354 623 523 623 539 631 654 693 662 693 670 693 677 693 885 631 893 623 1086 623 1101 631 1194 677 1201 677 1209 677 1617 631 1625 508 1602 315 1109 361 1016 346 862 315 855 315 847 315 708 361 685 369 662 361 539 323 531 323 523 323 516 323 346 377 354 539"/></Shape>
	    <String CONTENT="N^o DU JUGEMENT: 48" HPOS="346" VPOS="315" WIDTH="1279" HEIGHT="378"/>
          </TextLine>

          
          
          <TextLine ID="textline_00002" TAGREFS="LT6927" BASELINE="667 906 956 901" HPOS="662" VPOS="639" WIDTH="293" HEIGHT="308">
            <Shape><Polygon POINTS="662 900 662 947 955 947 955 900 955 708 662 639 662 900"/></Shape>
	    <String CONTENT="(Art. 140" HPOS="662" VPOS="639" WIDTH="293" HEIGHT="308" WC="0.634582390387853"/>
          </TextLine>

          
          
          <TextLine ID="textline_00003" TAGREFS="LT6927" BASELINE="398 990 440 988 1240 973" HPOS="385" VPOS="895" WIDTH="893" HEIGHT="144">
            <Shape><Polygon POINTS="385 924 392 985 392 1039 1232 1039 1232 970 1278 895"/></Shape>
	    <String CONTENT="du Code de justice militaire.)" HPOS="385" VPOS="895" WIDTH="893" HEIGHT="144"/>
          </TextLine>

          
          
          <TextLine ID="textline_00004" TAGREFS="LT6927" BASELINE="402 1216 1215 1204" HPOS="392" VPOS="1093" WIDTH="817" HEIGHT="185">
            <Shape><Polygon POINTS="400 1208 400 1278 1209 1278 1209 1201 1194 1093 392 1093 400 1208"/></Shape>
	    <String CONTENT="MINUTE DE JUGEMENT." HPOS="392" VPOS="1093" WIDTH="817" HEIGHT="185" WC="0.9711204045697263"/>
          </TextLine>

          
        </TextBlock>
        
        <TextBlock HPOS="1651.0" VPOS="568.0" WIDTH="1926.0" HEIGHT="206.0" ID="textblock_00002" TAGREFS="BT16583">
          <Shape><Polygon POINTS="1651 568 3577 568 3577 774 1651 774 1651 568"/></Shape>
          
          
          <TextLine ID="textline_00005" TAGREFS="LT6927" BASELINE="1732 689 3483 717" HPOS="1717" VPOS="569" WIDTH="1765" HEIGHT="208">
            <Shape><Polygon POINTS="3420 569 3343 569 3266 569 3189 569 3112 569 3035 569 2958 569 2881 569 2804 569 2727 569 2650 569 2573 569 2495 569 2418 569 2341 569 2264 569 2187 569 2110 569 2033 569 1956 569 1879 569 1802 569 1725 569 1725 685 1717 762 3466 777 3482 716 3474 569 3420 569"/></Shape>
	    <String CONTENT="RÉPUBLIQUE FRANÇAISE." HPOS="1717" VPOS="569" WIDTH="1765" HEIGHT="208" WC="0.9901812048185439"/>
          </TextLine>

          
        </TextBlock>
        
        <TextBlock HPOS="434.0" VPOS="1298.0" WIDTH="4795.0" HEIGHT="851.0" ID="textblock_00003" TAGREFS="BT21624">
          <Shape><Polygon POINTS="434 1298 5229 1298 5229 2149 434 2149 434 1298"/></Shape>
          
          
          <TextLine ID="textline_00006" TAGREFS="LT6927" BASELINE="2133 1473 3084 1484" HPOS="2118" VPOS="1301" WIDTH="963" HEIGHT="246">
            <Shape><Polygon POINTS="3050 1301 2973 1301 2896 1301 2819 1301 2742 1301 2665 1301 2588 1301 2511 1301 2434 1301 2357 1301 2280 1301 2203 1301 2126 1301 2126 1470 2118 1509 3066 1547 3081 1478 3073 1301 3050 1301"/></Shape>
	    <String CONTENT="JUGEMENT" HPOS="2118" VPOS="1301" WIDTH="963" HEIGHT="246" WC="0.9995340630412102"/>
          </TextLine>

          
          
          <TextLine ID="textline_00007" TAGREFS="LT6927" BASELINE="684 1722 3043 1746 4410 1705" HPOS="670" VPOS="1547" WIDTH="3736" HEIGHT="270">
            <Shape><Polygon POINTS="677 1717 670 1809 1032 1771 1656 1809 1771 1817 1779 1817 4398 1786 4406 1701 4391 1609 4113 1547 3982 1547 3975 1547 3967 1547 3959 1547 3959 1555 3913 1601 3905 1601 3828 1593 3304 1547 3297 1547 3289 1547 3212 1586 3173 1609 2187 1609 1987 1563 1918 1555 1910 1555 1787 1563 1325 1601 677 1547 677 1717"/></Shape>
	    <String CONTENT="rendu par le - CONSEIL DE GUERRE permanent de la X^e Armée" HPOS="670" VPOS="1547" WIDTH="3736" HEIGHT="270"/>
          </TextLine>

          
          
          <TextLine ID="textline_00008" TAGREFS="LT6927" BASELINE="1987 1948 4974 2026" HPOS="1972" VPOS="1763" WIDTH="2996" HEIGHT="477">
            <Shape><Polygon POINTS="1979 1940 1972 2202 3135 2202 3304 2240 3312 2240 3320 2240 3327 2240 3451 2171 3613 2086 3867 2086 4452 2102 4491 2148 4568 2209 4568 2217 4575 2217 4583 2217 4699 2225 4706 2225 4714 2225 4961 2132 4968 2025 4961 1901 4753 1901 4737 1894 4676 1832 4676 1824 4668 1824 4660 1824 4437 1817 4429 1817 4421 1817 4221 1878 4190 1886 4167 1878 4090 1840 4082 1840 4075 1840 3936 1871 3898 1878 3882 1871 3774 1801 3767 1801 3759 1801 3751 1801 3227 1855 3173 1855 3150 1848 2911 1778 2904 1778 2534 1763 2526 1763 2519 1763 2511 1763 2403 1832 2395 1832 2241 1794 2234 1794 2226 1794 1979 1817 1979 1940"/></Shape>
	    <String CONTENT="séant à Hesdin (Pas- de-Calais)" HPOS="1972" VPOS="1763" WIDTH="2996" HEIGHT="477"/>
          </TextLine>

          
          
          <TextLine ID="textline_00009" TAGREFS="LT6927" BASELINE="3653 1424 5152 1433" HPOS="3643.0" VPOS="1301.0" WIDTH="1503.0" HEIGHT="339.0">
            <Shape><Polygon POINTS="5115 1301 5038 1301 4961 1301 4884 1301 4807 1301 4730 1301 4653 1301 4575 1301 4498 1301 4421 1301 4344 1301 4267 1301 4190 1301 4113 1301 4036 1301 3959 1301 3882 1301 3805 1301 3728 1301 3651 1301 3651 1416 3643 1486 3790 1486 3813 1501 3905 1586 3905 1593 3913 1593 3921 1593 3928 1593 3936 1593 3944 1593 4067 1509 4090 1493 4491 1493 4545 1524 4683 1632 4691 1632 4699 1632 4706 1640 5022 1640 5022 1632 5030 1632 5038 1632 5138 1547 5146 1432 5138 1301 5115 1301"/></Shape>
	    <String CONTENT="2 et 7 février 1915" HPOS="3643.0" VPOS="1301.0" WIDTH="1503.0" HEIGHT="339.0"/>
          </TextLine>

          
        </TextBlock>
        
        <TextBlock HPOS="3831.0" VPOS="457.0" WIDTH="1116.0" HEIGHT="731.0" ID="textblock_00004" TAGREFS="BT21625">
          <Shape><Polygon POINTS="3831 457 4947 457 4947 1188 3831 1188 3831 457"/></Shape>
          
          
          <TextLine ID="textline_00010" TAGREFS="LT6927" BASELINE="4269 558 4509 556" HPOS="4267" VPOS="462" WIDTH="239" HEIGHT="154">
            <Shape><Polygon POINTS="4498 462 4421 462 4344 462 4267 462 4267 554 4267 616 4506 608 4506 554 4506 462 4498 462"/></Shape>
	    <String CONTENT="N^o 967" HPOS="4267" VPOS="462" WIDTH="239" HEIGHT="154" WC="0.9420858706746783"/>
          </TextLine>

          
          
          <TextLine ID="textline_00011" TAGREFS="LT6927" BASELINE="3913 662 4853 671" HPOS="3898" VPOS="500" WIDTH="947" HEIGHT="300">
            <Shape><Polygon POINTS="4445 562 4367 562 4290 562 4244 508 4144 500 4136 500 3905 523 3905 654 3898 723 4144 731 4159 746 4206 785 4206 793 4213 793 4221 793 4830 800 4845 669 4830 508 4552 546 4460 531 4445 562"/></Shape>
	    <String CONTENT="DE LA NOMENCLATURE GÉNÉRALE." HPOS="3898" VPOS="500" WIDTH="947" HEIGHT="300"/>
          </TextLine>

          
          
          <TextLine ID="textline_00012" TAGREFS="LT6927" BASELINE="4036 853 4743 864" HPOS="4021" VPOS="716" WIDTH="716" HEIGHT="200">
            <Shape><Polygon POINTS="4029 847 4021 900 4722 916 4737 862 4730 731 4029 716 4029 847"/></Shape>
	    <String CONTENT="[FORMULE N^o 16.]" HPOS="4021" VPOS="716" WIDTH="716" HEIGHT="200" WC="0.960040337899152"/>
          </TextLine>

          
          
          <TextLine ID="textline_00013" TAGREFS="LT6927" BASELINE="3949 1065 4789 1080" HPOS="3936" VPOS="847" WIDTH="847" HEIGHT="346">
            <Shape><Polygon POINTS="4483 862 4406 862 4367 854 4221 854 4175 854 4098 854 4044 847 3944 847 3944 1062 3936 1108 4360 1193 4367 1193 4776 1124 4783 1078 4783 870 4498 862 4483 862"/></Shape>
	    <String CONTENT="N^o 48 D'ORDRE." HPOS="3936" VPOS="847" WIDTH="847" HEIGHT="346"/>
          </TextLine>

          
        </TextBlock>
        
        <TextBlock HPOS="3567.0" VPOS="1182.0" WIDTH="1736.0" HEIGHT="368.0" ID="textblock_00005" TAGREFS="BT21626">
          <Shape><Polygon POINTS="3567 1182 5303 1182 5303 1550 3567 1550 3567 1182"/></Shape>
          
          
          <TextLine ID="textline_00014" TAGREFS="LT6927" BASELINE="3999 1280 4767 1286" HPOS="3990" VPOS="1185" WIDTH="770" HEIGHT="154">
            <Shape><Polygon POINTS="4691 1185 4614 1185 4537 1185 4460 1185 4383 1185 4306 1185 4229 1185 4152 1185 4075 1185 3998 1185 3998 1278 3990 1316 4745 1339 4760 1285 4753 1185 4691 1185"/></Shape>
	    <String CONTENT="Date du crime ou du délit." HPOS="3990" VPOS="1185" WIDTH="770" HEIGHT="154"/>
          </TextLine>

          
        </TextBlock>
        
        <TextBlock HPOS="71.0" VPOS="2171.0" WIDTH="5447.0" HEIGHT="6015.0" ID="textblock_00006" TAGREFS="BT19261">
          <Shape><Polygon POINTS="71 2171 5518 2171 5518 8186 71 8186 71 2171"/></Shape>
          
          
          <TextLine ID="textline_00015" TAGREFS="LT6926" BASELINE="1998 2405 3242 2426" HPOS="1987" VPOS="2240" WIDTH="1248" HEIGHT="239">
            <Shape><Polygon POINTS="1987 2456 3220 2479 3235 2425 3227 2294 2133 2286 2002 2240 1995 2402 1987 2456"/></Shape>
	    <String CONTENT="AU NOM DU PEUPLE FRANÇAIS," HPOS="1987" VPOS="2240" WIDTH="1248" HEIGHT="239"/>
          </TextLine>

          
          
          <TextLine ID="textline_00016" TAGREFS="LT6926" BASELINE="396 2637 3184 2632" HPOS="385" VPOS="2440" WIDTH="2796" HEIGHT="262">
            <Shape><Polygon POINTS="392 2633 392 2702 3173 2679 3181 2625 3166 2464 2804 2440 2796 2440 2788 2440 2719 2464 2642 2494 2434 2471 2180 2440 2172 2440 2164 2440 2157 2440 2157 2448 2118 2471 2095 2502 1217 2502 1163 2487 986 2456 978 2456 970 2456 847 2494 839 2494 801 2456 793 2456 785 2456 778 2456 385 2494 392 2633"/></Shape>
	    <String CONTENT="Le - Conseil de guerre permanent de la X^e Armée" HPOS="385" VPOS="2440" WIDTH="2796" HEIGHT="262"/>
          </TextLine>

          
          
          <TextLine ID="textline_00017" TAGREFS="LT6926" BASELINE="285 2804 1990 2792" HPOS="269" VPOS="2648" WIDTH="1718" HEIGHT="208">
            <Shape><Polygon POINTS="277 2802 277 2849 1972 2856 1987 2787 1964 2648 269 2687 277 2802"/></Shape>
	    <String CONTENT="a rendu le jugement dont la teneur suit:" HPOS="269" VPOS="2648" WIDTH="1718" HEIGHT="208" WC="0.9916776344180107"/>
          </TextLine>

          
          
          <TextLine ID="textline_00018" TAGREFS="LT6926" BASELINE="393 3019 2016 2986 2016 2986 2507 3020 3638 3021" HPOS="385" VPOS="2825" WIDTH="3251" HEIGHT="278">
            <Shape><Polygon POINTS="392 3018 392 3056 778 3103 785 3103 1232 3064 1556 3041 1633 3072 1702 3095 1710 3095 1717 3095 1987 3072 2403 3033 2526 3072 2580 3095 2588 3095 2596 3095 3636 3080 3636 3018 3628 2825 385 2825 392 3018"/></Shape>
	    <String CONTENT="CEJOURD'HUI dix sept Février, an mil neuf cent quinze" HPOS="385" VPOS="2825" WIDTH="3251" HEIGHT="278"/>
          </TextLine>

          
          
          <TextLine ID="textline_00019" TAGREFS="LT6926" BASELINE="391 3131 3173 3127" HPOS="385" VPOS="2987" WIDTH="2781" HEIGHT="208">
            <Shape><Polygon POINTS="3127 2995 3050 3033 2557 3033 2503 2995 2503 2987 2495 2987 2488 2987 2118 2987 2110 2987 2103 2987 2095 2987 2095 2995 2087 2995 2056 3033 1440 3033 1386 3003 1348 2987 1340 2987 1332 2987 1325 2987 1271 3003 1201 3026 385 3018 385 3126 385 3180 3158 3195 3166 3126 3150 2995 3127 2995"/></Shape>
	    <String CONTENT="Le  Conseil de guerre permanent de la X^e Armée" HPOS="385" VPOS="2987" WIDTH="2781" HEIGHT="208"/>
          </TextLine>

          
          
          <TextLine ID="textline_00020" TAGREFS="LT6926" BASELINE="304 3249 3220 3253" HPOS="292" VPOS="3133" WIDTH="2920" HEIGHT="201">
            <Shape><Polygon POINTS="300 3241 292 3334 3204 3303 3212 3249 3204 3141 300 3133 300 3241"/></Shape>
	    <String CONTENT="composé, conformément aux articles 33 et 34 du Code de justice militaire, de MM." HPOS="292" VPOS="3133" WIDTH="2920" HEIGHT="201"/>
          </TextLine>

          
          
          <TextLine ID="textline_00021" TAGREFS="LT6926" BASELINE="808 3441 3809 3436" HPOS="801" VPOS="3280" WIDTH="3004" HEIGHT="277">
            <Shape><Polygon POINTS="801 3434 801 3511 1556 3549 1563 3549 1571 3549 1648 3511 1687 3488 1702 3511 1741 3542 1741 3549 1748 3549 1756 3549 1764 3557 1918 3557 1918 3549 1925 3549 1933 3549 1933 3542 1972 3511 1979 3495 2888 3488 2958 3503 3096 3542 3104 3542 3112 3542 3119 3542 3243 3503 3266 3495 3312 3503 3613 3549 3620 3549 3628 3549 3805 3495 3805 3434 3797 3280 801 3280 801 3434"/></Shape>
	    <String CONTENT="de Laage Chef d'escadron du service des Etapes" HPOS="801" VPOS="3280" WIDTH="3004" HEIGHT="277"/>
          </TextLine>

          
          
          <TextLine ID="textline_00022" TAGREFS="LT6926" BASELINE="4165 3438 4511 3439" HPOS="4159" VPOS="3287" WIDTH="347" HEIGHT="324">
            <Shape><Polygon POINTS="4159 3434 4159 3611 4506 3611 4506 3434 4498 3287 4159 3287 4159 3434"/></Shape>
	    <String CONTENT="Président;" HPOS="4159" VPOS="3287" WIDTH="347" HEIGHT="324"/>
          </TextLine>

          
          
          <TextLine ID="textline_00023" TAGREFS="LT6926" BASELINE="888 3769 1065 3764 2958 3763" HPOS="878" VPOS="3526" WIDTH="2072" HEIGHT="300">
            <Shape><Polygon POINTS="885 3765 885 3826 2942 3811 2950 3757 2919 3565 2834 3626 2472 3557 2326 3534 2318 3534 2311 3534 2303 3534 2272 3557 2157 3626 2079 3588 2072 3588 2064 3588 1848 3626 1625 3565 1617 3565 1610 3565 1317 3626 1217 3534 1209 3534 1209 3526 1201 3526 1194 3526 1186 3526 878 3526 885 3765"/></Shape>
	    <String CONTENT="Cabis Capitaine de Gendarmerie" HPOS="878" VPOS="3526" WIDTH="2072" HEIGHT="300"/>
          </TextLine>

          
          
          <TextLine ID="textline_00024" TAGREFS="LT6926" BASELINE="893 4003 3842 3966" HPOS="878" VPOS="3765" WIDTH="2958" HEIGHT="277">
            <Shape><Polygon POINTS="2588 3765 2511 3773 2056 3819 1702 3773 1617 3765 1610 3765 1602 3765 1594 3765 1586 3773 1517 3826 1309 3773 1286 3773 1278 3773 878 3773 885 3996 885 4042 3836 4034 3836 3965 3805 3765 3728 3803 2788 3773 2596 3765 2588 3765"/></Shape>
	    <String CONTENT="Delettre Capitaine au 25^e Régiment de Dragons" HPOS="878" VPOS="3765" WIDTH="2958" HEIGHT="277"/>
          </TextLine>

          
          
          <TextLine ID="textline_00025" TAGREFS="LT6926" BASELINE="902 4188 3959 4101" HPOS="893" VPOS="3980" WIDTH="3058" HEIGHT="262">
            <Shape><Polygon POINTS="901 4181 901 4242 3951 4204 3951 4096 3928 3980 893 4027 901 4181"/></Shape>
	    <String CONTENT="de Boisredon Lieutenant au 15^e Régiment de Dragons" HPOS="893" VPOS="3980" WIDTH="3058" HEIGHT="262"/>
          </TextLine>

          
          
          <TextLine ID="textline_00026" TAGREFS="LT6926" BASELINE="895 4384 4082 4340" HPOS="885" VPOS="4150" WIDTH="3190" HEIGHT="339">
            <Shape><Polygon POINTS="893 4381 909 4489 970 4427 1779 4427 1918 4481 1925 4481 1933 4481 1941 4481 2157 4419 2372 4481 2395 4481 2403 4481 2411 4481 2449 4473 2757 4412 3381 4466 3389 4466 3397 4466 3405 4466 3566 4396 3743 4458 3751 4458 3759 4466 4067 4466 4075 4335 4059 4211 3666 4150 3659 4150 3651 4150 3505 4204 3489 4211 3435 4204 3150 4165 3143 4165 3135 4165 3042 4204 3004 4219 2688 4219 2673 4204 2619 4165 2611 4165 2603 4165 2596 4165 2588 4165 2511 4204 2465 4227 2403 4204 2311 4173 2303 4173 2295 4173 1848 4181 1841 4181 1833 4181 1833 4188 1818 4204 1779 4235 1640 4204 1533 4181 1525 4181 1517 4181 1463 4204 1348 4250 1217 4250 1163 4204 1155 4196 1155 4188 1147 4188 1140 4188 1132 4188 885 4196 893 4381"/></Shape>
	    <String CONTENT="Darmaillac Maréchal des Logis au 15^e Régiment de Dragons" HPOS="885" VPOS="4150" WIDTH="3190" HEIGHT="339"/>
          </TextLine>

          
          
          <TextLine ID="textline_00027" TAGREFS="LT6926" BASELINE="4142 4112 4365 4113" HPOS="4136" VPOS="3927" WIDTH="224" HEIGHT="254">
            <Shape><Polygon POINTS="4136 4111 4136 4181 4360 4165 4360 4111 4352 3927 4136 3927 4136 4111"/></Shape>
	    <String CONTENT="Juges." HPOS="4136" VPOS="3927" WIDTH="224" HEIGHT="254" WC="0.9187554518381754"/>
          </TextLine>

          
          
          <TextLine ID="textline_00028" TAGREFS="LT6926" BASELINE="323 4702 3581 4692" HPOS="308" VPOS="4496" WIDTH="3266" HEIGHT="285">
            <Shape><Polygon POINTS="315 4697 315 4750 3559 4781 3574 4689 3559 4558 3312 4496 3304 4496 3297 4496 3181 4550 3181 4558 2927 4558 2927 4550 2858 4496 2850 4496 2842 4496 2834 4496 2827 4496 2680 4550 2673 4550 2580 4512 2573 4512 2565 4512 2072 4550 2002 4550 1995 4550 1925 4496 1918 4496 1910 4496 1902 4496 1563 4535 1301 4496 1294 4496 1286 4496 1278 4496 1209 4543 1194 4550 308 4543 315 4697"/></Shape>
	    <String CONTENT="tous nommés par le (1) Général Commandant la 10^e Armée" HPOS="308" VPOS="4496" WIDTH="3266" HEIGHT="285"/>
          </TextLine>

          
          
          <TextLine ID="textline_00029" TAGREFS="LT6926" BASELINE="308 4805 2716 4822" HPOS="292" VPOS="4704" WIDTH="2419" HEIGHT="162">
            <Shape><Polygon POINTS="300 4804 292 4843 2696 4866 2711 4820 2703 4720 300 4704 300 4804"/></Shape>
	    <String CONTENT="M. Durnerin Chef d'escadron Commissaire du Gouvernement;" HPOS="292" VPOS="4704" WIDTH="2419" HEIGHT="162"/>
          </TextLine>

          
          
          <TextLine ID="textline_00030" TAGREFS="LT6926" BASELINE="298 4923 2526 4892" HPOS="285" VPOS="4804" WIDTH="2234" HEIGHT="216">
            <Shape><Polygon POINTS="2442 4820 2365 4820 2287 4820 2210 4820 2133 4820 2056 4820 1979 4820 1902 4820 1825 4820 1748 4820 1671 4820 1594 4820 1517 4820 1440 4812 1363 4812 1286 4812 1209 4812 1132 4812 1055 4812 978 4812 901 4812 824 4812 747 4812 670 4812 593 4812 516 4812 439 4812 362 4812 354 4804 285 4804 292 4920 292 5020 346 5012 369 4997 446 4997 523 4997 600 4997 677 4997 754 4997 831 4997 909 4997 986 4997 1063 4997 1140 4997 1217 4997 1294 4997 1371 4997 1448 4997 1525 4997 1602 4997 1617 4997 2511 4981 2519 4889 2503 4820 2442 4820"/></Shape>
	    <String CONTENT="M. Laval sergent Commis Greffier près ledit Conseil;" HPOS="285" VPOS="4804" WIDTH="2234" HEIGHT="216"/>
          </TextLine>

          
          
          <TextLine ID="textline_00031" TAGREFS="LT6926" BASELINE="407 5037 4415 5048" HPOS="392" VPOS="4851" WIDTH="4022" HEIGHT="246">
            <Shape><Polygon POINTS="400 5035 392 5074 4398 5097 4414 5043 4414 4851 2734 4851 2727 4851 2573 4866 2565 4866 2557 4866 2542 4881 2472 4935 400 4920 400 5035"/></Shape>
	    <String CONTENT="Lesquels ne se trouvent dans aucun des cas d'incompatibilité prévus par les articles 22, 23 et 24 du Code précité;" HPOS="392" VPOS="4851" WIDTH="4022" HEIGHT="246"/>
          </TextLine>

          
          
          <TextLine ID="textline_00032" TAGREFS="LT6926" BASELINE="403 5151 4938 5158" HPOS="392" VPOS="5035" WIDTH="4538" HEIGHT="216">
            <Shape><Polygon POINTS="4329 5043 4252 5043 4175 5043 4098 5043 4021 5043 3944 5043 3867 5043 3790 5043 3713 5043 3636 5043 3559 5043 3482 5043 3405 5043 3327 5043 3250 5043 3173 5043 3096 5043 3019 5043 2942 5043 2865 5043 2788 5043 2711 5043 2634 5043 2557 5043 2480 5043 2403 5043 2326 5043 2249 5043 2172 5043 2095 5043 2018 5043 1941 5043 1864 5043 1787 5043 1710 5043 1633 5043 1556 5043 1479 5043 1402 5043 1325 5043 1247 5043 1170 5043 1093 5043 1016 5043 939 5043 862 5043 785 5043 708 5043 631 5043 554 5043 477 5043 400 5043 400 5143 392 5205 1679 5205 1687 5205 1779 5228 1856 5228 1926 5187 1987 5228 2172 5205 2241 5197 2287 5205 2465 5243 2472 5251 2727 5251 2727 5243 2734 5243 2742 5243 2796 5205 2804 5205 2842 5236 2842 5243 2850 5243 2858 5243 2865 5251 3150 5251 3150 5243 3158 5243 3166 5243 3212 5205 3227 5197 3351 5205 3697 5236 3705 5236 3874 5205 3951 5197 4914 5205 4930 5151 4930 5043 4406 5035 4406 5043"/></Shape>
	    <String CONTENT="Le Conseil, convoqué par l'ordre du comandant, conformément à l'article 111 du Code de justice militaire, s'est réuni dans" HPOS="392" VPOS="5035" WIDTH="4538" HEIGHT="216"/>
          </TextLine>

          
          
          <TextLine ID="textline_00033" TAGREFS="LT6926" BASELINE="311 5262 2278 5269" HPOS="300" VPOS="5143" WIDTH="1972" HEIGHT="200">
            <Shape><Polygon POINTS="2234 5151 2157 5151 2079 5151 2002 5151 1925 5151 1848 5151 1771 5151 1694 5151 1617 5151 1540 5151 1463 5151 1386 5151 1309 5151 1232 5151 1155 5151 1078 5151 1001 5151 924 5151 847 5151 770 5151 693 5151 616 5151 539 5151 462 5151 454 5143 308 5143 308 5259 300 5328 308 5336 315 5336 315 5343 323 5343 331 5343 338 5343 2264 5305 2272 5266 2264 5151 2234 5151"/></Shape>
	    <String CONTENT="le lieu ordinaire de ses séances, en audience publique (2)" HPOS="300" VPOS="5143" WIDTH="1972" HEIGHT="200"/>
          </TextLine>

          
          
          <TextLine ID="textline_00034" TAGREFS="LT6926" BASELINE="386 5381 5454 5375" HPOS="385" VPOS="5197" WIDTH="5061" HEIGHT="262">
            <Shape><Polygon POINTS="385 5420 5438 5459 5446 5374 5431 5197 5323 5236 4914 5205 4807 5197 4799 5197 4791 5197 4776 5205 4660 5266 4552 5205 4529 5197 4522 5197 4514 5197 4506 5197 4475 5212 4383 5243 4283 5212 4275 5212 4267 5212 4260 5212 4252 5212 4244 5212 4167 5266 3959 5220 3890 5205 3882 5205 3751 5220 3420 5266 3243 5228 3197 5220 3189 5220 3181 5220 3173 5220 3166 5228 3096 5266 2981 5236 2858 5197 2850 5197 2118 5197 2110 5197 2103 5197 2002 5243 1964 5274 385 5274 385 5374"/></Shape>
	    <String CONTENT="À l'effet de juger les nommés Lagache Oscar Daniel Raoul, fils de Romain Victor" HPOS="385" VPOS="5197" WIDTH="5061" HEIGHT="262"/>
          </TextLine>

          
          
          <TextLine ID="textline_00035" TAGREFS="LT6926" BASELINE="293 5499 5295 5477" HPOS="285" VPOS="5382" WIDTH="5007" HEIGHT="169">
            <Shape><Polygon POINTS="292 5497 292 5551 5284 5544 5292 5474 5277 5382 285 5382 292 5497"/></Shape>
	    <String CONTENT="fils de Julie Faron, né le 21 juillet 1876 à Cheriennes, arrondissement de Montreuil" HPOS="285" VPOS="5382" WIDTH="5007" HEIGHT="169"/>
          </TextLine>

          
          
          <TextLine ID="textline_00036" TAGREFS="LT6926" BASELINE="294 5600 3747 5617" HPOS="285" VPOS="5482" WIDTH="3458" HEIGHT="177">
            <Shape><Polygon POINTS="1679 5490 1602 5490 1525 5490 1448 5490 1371 5490 1294 5490 1217 5490 1140 5490 1063 5490 986 5497 909 5497 831 5497 754 5497 677 5497 600 5497 523 5497 446 5497 369 5497 292 5497 292 5597 285 5659 3736 5659 3743 5613 3736 5497 1687 5482 1679 5490"/></Shape>
	    <String CONTENT="département de Pas-de-Calais, profession de Cultivateur" HPOS="285" VPOS="5482" WIDTH="3458" HEIGHT="177"/>
          </TextLine>

          
          
          <TextLine ID="textline_00037" TAGREFS="LT6926" BASELINE="298 5714 3965 5732" HPOS="285" VPOS="5605" WIDTH="3674" HEIGHT="170">
            <Shape><Polygon POINTS="292 5713 285 5775 3951 5767 3959 5728 3951 5605 292 5605 292 5713"/></Shape>
	    <String CONTENT="résidant, avant son entrée au service, à Cheriennes (Pas-de-Calais)" HPOS="285" VPOS="5605" WIDTH="3674" HEIGHT="170"/>
          </TextLine>

          
          
          <TextLine ID="textline_00038" TAGREFS="LT6926" BASELINE="383 5832 1029 5840" HPOS="369" VPOS="5713" WIDTH="655" HEIGHT="185">
            <Shape><Polygon POINTS="685 5713 608 5713 531 5713 454 5713 377 5713 377 5828 369 5867 1009 5898 1024 5836 1016 5721 693 5713 685 5713"/></Shape>
	    <String CONTENT="Taille d'un mètre" HPOS="369" VPOS="5713" WIDTH="655" HEIGHT="185" WC="0.9963262957685134"/>
          </TextLine>

          
          
          <TextLine ID="textline_00039" TAGREFS="LT6926" BASELINE="1973 5841 2716 5840" HPOS="1972" VPOS="5728" WIDTH="739" HEIGHT="177">
            <Shape><Polygon POINTS="1972 5836 1972 5898 2703 5905 2711 5836 2703 5728 1972 5728 1972 5836"/></Shape>
	    <String CONTENT="millimètres, cheveux" HPOS="1972" VPOS="5728" WIDTH="739" HEIGHT="177"/>
          </TextLine>

          
          
          <TextLine ID="textline_00040" TAGREFS="LT6926" BASELINE="3894 5837 4127 5837" HPOS="3890" VPOS="5728" WIDTH="231" HEIGHT="170">
            <Shape><Polygon POINTS="3890 5836 3890 5890 4113 5898 4121 5836 4121 5728 3890 5728 3890 5836"/></Shape>
	    <String CONTENT=", front" HPOS="3890" VPOS="5728" WIDTH="231" HEIGHT="170" WC="0.9950347713061741"/>
          </TextLine>

          
          
          <TextLine ID="textline_00041" TAGREFS="LT6926" BASELINE="297 5945 534 5923" HPOS="277" VPOS="5813" WIDTH="254" HEIGHT="193">
            <Shape><Polygon POINTS="508 5828 431 5828 415 5813 277 5813 292 5944 292 6006 531 5998 531 5921 516 5828 508 5828"/></Shape>
	    <String CONTENT="yeux" HPOS="277" VPOS="5813" WIDTH="254" HEIGHT="193" WC="0.9945062398910522"/>
          </TextLine>

          
          
          <TextLine ID="textline_00042" TAGREFS="LT6926" BASELINE="1849 5961 2068 5955" HPOS="1841" VPOS="5836" WIDTH="223" HEIGHT="185">
            <Shape><Polygon POINTS="1848 5959 1848 6021 1925 6021 2002 6021 2056 6021 2064 5952 2049 5844 1841 5836 1848 5959"/></Shape>
	    <String CONTENT=", nez" HPOS="1841" VPOS="5836" WIDTH="223" HEIGHT="185" WC="0.9516904950141907"/>
          </TextLine>

          
          
          <TextLine ID="textline_00043" TAGREFS="LT6926" BASELINE="3437 5960 3738 5959" HPOS="3428" VPOS="5836" WIDTH="308" HEIGHT="185">
            <Shape><Polygon POINTS="3435 5959 3435 6013 3728 6021 3736 5952 3720 5836 3428 5836 3435 5959"/></Shape>
	    <String CONTENT=", visage" HPOS="3428" VPOS="5836" WIDTH="308" HEIGHT="185" WC="0.98442692309618"/>
          </TextLine>

          
          
          <TextLine ID="textline_00044" TAGREFS="LT6926" BASELINE="384 6065 2969 6065" HPOS="377" VPOS="5913" WIDTH="2588" HEIGHT="208">
            <Shape><Polygon POINTS="377 6059 377 6121 2965 6121 2965 6059 2965 5913 2634 5913 2626 5913 2619 5913 2611 5913 2465 5967 377 5952 377 6059"/></Shape>
	    <String CONTENT="Renseignements physionomiques complémentaires: Néant" HPOS="377" VPOS="5913" WIDTH="2588" HEIGHT="208" WC="0.9736932504851863"/>
          </TextLine>

          
          
          <TextLine ID="textline_00045" TAGREFS="LT6926" BASELINE="393 6176 4009 6183" HPOS="392" VPOS="5998" WIDTH="3613" HEIGHT="254">
            <Shape><Polygon POINTS="2935 6067 2858 6067 2842 6067 2804 6083 392 6067 392 6175 392 6229 3998 6252 4005 6175 4005 5998 3042 5998 3035 5998 3027 5998 2981 6013 2942 6021 2935 6067"/></Shape>
	    <String CONTENT="Marques particulières: Néant Marié - Trois enfants" HPOS="392" VPOS="5998" WIDTH="3613" HEIGHT="254"/>
          </TextLine>

          
          
          <TextLine ID="textline_00046" TAGREFS="LT6926" BASELINE="300 6293 403 6295" HPOS="292" VPOS="6167" WIDTH="108" HEIGHT="177">
            <Shape><Polygon POINTS="392 6167 292 6167 292 6290 292 6337 392 6344 400 6290 400 6183 392 6167"/></Shape>
	    <String CONTENT="(3)" HPOS="292" VPOS="6167" WIDTH="108" HEIGHT="177" WC="0.9530103206634521"/>
          </TextLine>

          
          
          <TextLine ID="textline_00047" TAGREFS="LT6926" BASELINE="314 6400 5012 6380" HPOS="300" VPOS="6198" WIDTH="4707" HEIGHT="308">
            <Shape><Polygon POINTS="377 6298 300 6298 308 6398 323 6506 392 6452 801 6498 870 6506 924 6506 1001 6506 1078 6506 1155 6506 1232 6506 1309 6506 1386 6506 1463 6506 1517 6506 1525 6506 1533 6506 1533 6498 1540 6498 1586 6452 2049 6491 2126 6498 2133 6498 2141 6498 2157 6491 2295 6444 2380 6491 2395 6498 2403 6498 2465 6498 2542 6498 2619 6498 2696 6498 2773 6498 2850 6498 2927 6498 3004 6498 3081 6498 3127 6491 3135 6491 3204 6437 3458 6437 3682 6483 3720 6491 3728 6491 4075 6483 4082 6483 4090 6483 4090 6475 4129 6444 4830 6468 4853 6468 4930 6468 4930 6468 4991 6475 5007 6375 4984 6237 4737 6260 4660 6237 4537 6198 4529 6198 4522 6198 4514 6198 4506 6198 4452 6237 4421 6260 3674 6260 3628 6252 3451 6198 3443 6198 3435 6198 3143 6252 3081 6267 3066 6252 3027 6221 3027 6213 3019 6213 3012 6213 2757 6206 2750 6206 2742 6206 2626 6260 2611 6275 1517 6275 1509 6275 1409 6213 1402 6213 1394 6213 878 6213 870 6213 862 6213 855 6213 855 6221 793 6283 631 6283 500 6213 493 6213 485 6213 477 6213 415 6237 377 6298"/></Shape>
	    <String CONTENT="et Josse Jean fil de François et de Corinne" HPOS="300" VPOS="6198" WIDTH="4707" HEIGHT="308"/>
          </TextLine>

          
          
          <TextLine ID="textline_00048" TAGREFS="LT6926" BASELINE="353 6566 4911 6531" HPOS="338" VPOS="6391" WIDTH="4569" HEIGHT="254">
            <Shape><Polygon POINTS="3212 6391 3204 6391 3166 6414 3104 6437 2873 6414 2819 6406 2811 6406 2742 6414 2403 6444 2311 6414 2280 6398 2272 6398 2264 6398 2257 6398 2226 6414 2141 6452 1833 6452 1794 6414 1787 6406 1787 6398 1779 6398 1771 6398 1725 6398 1648 6398 1571 6398 1563 6398 1556 6398 1525 6414 1425 6460 693 6460 647 6414 647 6406 639 6406 631 6406 623 6406 338 6406 346 6560 346 6645 4899 6606 4907 6529 4884 6414 3458 6437 3320 6414 3220 6391 3212 6391"/></Shape>
	    <String CONTENT="Vacossin, né le 6 octobre 1867 a Chériennes, arrondissement" HPOS="338" VPOS="6391" WIDTH="4569" HEIGHT="254"/>
          </TextLine>

          
          
          <TextLine ID="textline_00049" TAGREFS="LT6926" BASELINE="533 6705 5058 6706" HPOS="531" VPOS="6575" WIDTH="4522" HEIGHT="247">
            <Shape><Polygon POINTS="531 6699 531 6791 1810 6768 1856 6783 1910 6806 1918 6806 1925 6806 2095 6783 2210 6768 2264 6783 2365 6814 2372 6814 2380 6814 2388 6814 2395 6814 2395 6806 2426 6783 2434 6768 2465 6783 2542 6814 2549 6814 2557 6814 2565 6814 2573 6814 2573 6806 2603 6783 2619 6768 3458 6768 3497 6776 3674 6814 3682 6814 3690 6814 3851 6768 3867 6768 3882 6768 3990 6814 3998 6814 4005 6822 4930 6822 4930 6814 4938 6814 5053 6760 5053 6699 5045 6575 531 6575 531 6699"/></Shape>
	    <String CONTENT="Montreuil (Pas-de-Calais) profession de Cultivateur, résidant" HPOS="531" VPOS="6575" WIDTH="4522" HEIGHT="247"/>
          </TextLine>

          
          
          <TextLine ID="textline_00050" TAGREFS="LT6926" BASELINE="285 6866 3487 6865" HPOS="277" VPOS="6706" WIDTH="3205" HEIGHT="247">
            <Shape><Polygon POINTS="2603 6706 2596 6706 2588 6706 2588 6714 2549 6752 2542 6760 2287 6760 2264 6752 2002 6706 1995 6706 1987 6706 1856 6752 1848 6760 1540 6760 1533 6752 1486 6714 1479 6714 1471 6714 1463 6714 870 6752 862 6752 677 6706 670 6706 662 6706 277 6752 277 6860 277 6953 3482 6953 3482 6860 3482 6752 2611 6706 2603 6706"/></Shape>
	    <String CONTENT="à Cheriennes (Pas-de-Calais) Célibataire" HPOS="277" VPOS="6706" WIDTH="3205" HEIGHT="247"/>
          </TextLine>

          
          
          <TextLine ID="textline_00051" TAGREFS="LT6926" BASELINE="292 7167 1380 7155" HPOS="277" VPOS="6945" WIDTH="1101" HEIGHT="323">
            <Shape><Polygon POINTS="285 7161 285 7230 562 7214 616 7245 639 7261 647 7261 654 7261 662 7261 670 7261 708 7245 808 7214 1371 7268 1378 7153 1363 7053 747 7053 577 6976 500 6945 493 6945 485 6945 277 6945 285 7161"/></Shape>
	    <String CONTENT="Accusés tous deux" HPOS="277" VPOS="6945" WIDTH="1101" HEIGHT="323"/>
          </TextLine>

          
          
          <TextLine ID="textline_00052" TAGREFS="LT6926" BASELINE="1502 7023 4581 7009" HPOS="1486" VPOS="6829" WIDTH="3089" HEIGHT="262">
            <Shape><Polygon POINTS="3412 6868 3335 6868 3258 6868 3181 6868 3150 6868 2788 6899 2650 6868 2642 6868 2565 6868 2488 6868 2434 6868 2388 6899 2210 6868 2180 6868 2103 6868 2026 6868 1949 6868 1871 6868 1725 6899 1486 6876 1494 7022 1494 7076 4560 7091 4575 7007 4560 6829 4190 6829 4183 6829 4175 6829 4167 6829 4167 6837 4106 6891 3412 6853 3412 6868"/></Shape>
	    <String CONTENT="de Refus d'obéir à une réquisition militaire" HPOS="1486" VPOS="6829" WIDTH="3089" HEIGHT="262"/>
          </TextLine>

          
          
          <TextLine ID="textline_00053" TAGREFS="LT6926" BASELINE="1486 7173 5017 7152" HPOS="1471" VPOS="7014" WIDTH="3544" HEIGHT="231">
            <Shape><Polygon POINTS="3859 7014 3821 7014 3805 7030 3782 7045 3697 7030 3574 7014 3551 7014 3474 7014 3451 7014 3327 7030 3204 7045 2719 7030 2549 7022 2472 7022 2395 7022 2357 7022 2349 7022 2318 7053 1471 7022 1479 7168 1479 7245 5007 7222 5015 7145 4999 7045 3928 7045 3921 7037 3898 7014 3859 7014"/></Shape>
	    <String CONTENT="et outrages à un citoyen chargé d'un ministère de" HPOS="1471" VPOS="7014" WIDTH="3544" HEIGHT="231"/>
          </TextLine>

          
          
          <TextLine ID="textline_00054" TAGREFS="LT6926" BASELINE="1506 7330 5075 7283" HPOS="1494" VPOS="7153" WIDTH="3575" HEIGHT="254">
            <Shape><Polygon POINTS="4807 7153 4730 7153 4653 7153 4575 7153 4337 7184 4321 7184 4306 7184 4075 7153 4036 7153 3959 7153 3951 7153 3674 7191 3636 7191 3620 7191 3535 7161 3528 7161 3520 7161 3027 7191 2904 7199 2873 7191 2742 7161 2734 7161 2727 7161 2703 7161 2673 7199 2657 7207 2588 7199 2411 7168 2403 7168 2395 7168 2311 7199 2295 7207 2287 7199 2257 7176 2257 7168 2249 7168 2241 7168 2234 7168 2226 7168 2118 7199 2056 7214 2002 7199 1910 7176 1902 7176 1895 7176 1887 7176 1879 7176 1841 7199 1825 7214 1802 7199 1771 7176 1764 7176 1756 7176 1748 7176 1494 7199 1502 7322 1502 7407 1571 7399 1579 7399 1633 7399 1679 7392 1733 7392 1771 7392 1856 7384 1887 7384 1902 7384 2033 7376 2041 7376 2041 7376 2180 7368 2187 7368 2195 7368 2272 7368 2349 7361 2426 7361 2434 7384 2580 7399 2626 7399 2634 7399 2642 7399 2650 7399 2757 7361 5053 7368 5069 7276 5053 7184 4822 7153 4807 7153"/></Shape>
	    <String CONTENT="service public dans l'exercice ou à l'occasion de l'exercice" HPOS="1494" VPOS="7153" WIDTH="3575" HEIGHT="254"/>
          </TextLine>

          
          
          <TextLine ID="textline_00055" TAGREFS="LT6926" BASELINE="1519 7422 2461 7418" HPOS="1517" VPOS="7315" WIDTH="940" HEIGHT="231">
            <Shape><Polygon POINTS="2442 7315 2365 7315 2287 7315 2210 7315 2133 7315 2126 7315 2056 7322 1979 7322 1902 7322 1825 7322 1818 7322 1517 7322 1517 7415 1517 7476 1694 7538 1702 7538 1710 7546 1933 7546 1933 7538 1941 7538 1949 7538 1949 7530 1995 7492 2010 7484 2449 7499 2457 7415 2449 7315 2442 7315"/></Shape>
	    <String CONTENT="de ses fonctions" HPOS="1517" VPOS="7315" WIDTH="940" HEIGHT="231"/>
          </TextLine>

          
          
          <TextLine ID="textline_00056" TAGREFS="LT6926" BASELINE="262 7672 3694 7639" HPOS="254" VPOS="7384" WIDTH="3436" HEIGHT="377">
            <Shape><Polygon POINTS="261 7669 261 7730 1964 7761 1972 7761 1979 7761 2087 7723 2819 7753 2827 7753 3690 7700 3690 7638 3674 7515 3181 7515 3119 7461 3119 7453 3112 7453 3104 7453 3096 7453 2904 7461 2819 7392 2819 7384 2811 7384 2804 7384 2796 7384 2619 7392 2611 7392 2295 7522 2287 7530 1764 7530 1748 7522 1640 7461 1633 7461 1625 7461 1617 7461 1610 7461 1371 7530 1363 7530 1155 7399 1147 7399 1140 7399 1132 7399 1124 7399 1117 7399 1117 7407 1078 7438 462 7407 454 7407 446 7407 439 7407 254 7515 261 7669"/></Shape>
	    <String CONTENT="Condamnations Antérieures" HPOS="254" VPOS="7384" WIDTH="3436" HEIGHT="377" WC="0.9744772429649646"/>
          </TextLine>

          
          
          <TextLine ID="textline_00057" TAGREFS="LT6926" BASELINE="494 8048 2004 8052" HPOS="493" VPOS="7769" WIDTH="1509" HEIGHT="377">
            <Shape><Polygon POINTS="493 8046 493 8146 2002 8146 2002 8046 2002 7892 1610 7830 1602 7830 1594 7830 1540 7854 1448 7884 1332 7830 1301 7823 1294 7823 1286 7823 1255 7830 1016 7884 916 7800 878 7769 870 7769 862 7769 493 7769 493 8046"/></Shape>
	    <String CONTENT="Lagache: Néant" HPOS="493" VPOS="7769" WIDTH="1509" HEIGHT="377"/>
          </TextLine>

          
          
          <TextLine ID="textline_00058" TAGREFS="LT6926" BASELINE="3295 8035 4518 8022" HPOS="3281" VPOS="7800" WIDTH="1233" HEIGHT="338">
            <Shape><Polygon POINTS="3289 8031 3289 8138 4506 8108 4514 8015 4491 7800 3890 7877 3720 7854 3451 7807 3443 7807 3435 7807 3281 7869 3289 8031"/></Shape>
	    <String CONTENT="Josse: Néant" HPOS="3281" VPOS="7800" WIDTH="1233" HEIGHT="338"/>
          </TextLine>

          
        </TextBlock>
        
        <TextBlock HPOS="240.0" VPOS="8152.0" WIDTH="4723.0" HEIGHT="449.0" ID="textblock_00007" TAGREFS="BT21627">
          <Shape><Polygon POINTS="240 8152 4963 8152 4963 8601 240 8601 240 8152"/></Shape>
          
          
          <TextLine ID="textline_00059" TAGREFS="LT6926" BASELINE="381 8215 1505 8235 4930 8186" HPOS="369" VPOS="8154" WIDTH="4553" HEIGHT="115">
            <Shape><Polygon POINTS="4837 8154 4760 8154 4683 8154 4606 8154 4529 8154 4452 8154 4375 8154 4298 8154 4221 8154 4144 8154 4067 8154 3990 8154 3913 8154 3836 8154 3759 8154 3682 8154 3605 8154 3528 8154 3451 8154 3374 8154 3297 8154 3220 8154 3143 8154 3066 8154 2989 8154 2911 8154 2834 8154 2757 8154 2680 8154 2603 8154 2526 8154 2449 8154 2372 8154 2295 8154 2218 8154 2141 8154 2064 8154 1987 8154 1910 8154 1833 8154 1756 8154 1679 8154 1602 8154 1525 8154 1448 8154 1371 8154 1294 8154 1217 8154 1140 8154 1063 8154 986 8154 909 8154 831 8154 754 8154 677 8154 600 8154 523 8154 446 8154 369 8154 377 8208 377 8269 4914 8231 4922 8185 4914 8154 4837 8154"/></Shape>
	    <String CONTENT="(1) Le gouverneur civil ou militaire. - Le général commandant le corps d'armée (France). Le général commandant la division militaire, la division ou" HPOS="369" VPOS="8154" WIDTH="4553" HEIGHT="115" WC="0.9790337625387553"/>
          </TextLine>

          
          
          <TextLine ID="textline_00060" TAGREFS="LT6926" BASELINE="304 8286 1165 8308 4011 8278" HPOS="292" VPOS="8185" WIDTH="3713" HEIGHT="161">
            <Shape><Polygon POINTS="3913 8192 3836 8192 3759 8192 3682 8192 3605 8192 3528 8192 3451 8192 3374 8200 3297 8200 3220 8200 3143 8200 3066 8200 2989 8200 2911 8200 2834 8200 2757 8200 2680 8200 2603 8200 2526 8200 2449 8200 2372 8200 2295 8200 2218 8200 2141 8200 2064 8200 1987 8200 1910 8200 1833 8208 1756 8208 1679 8208 1602 8208 1525 8208 1448 8208 1371 8208 1294 8208 1217 8208 1140 8208 1063 8208 986 8208 909 8208 831 8208 754 8208 677 8208 600 8208 523 8208 446 8208 369 8208 331 8185 292 8185 300 8285 300 8346 3998 8331 4005 8277 3990 8192 3913 8192"/></Shape>
	    <String CONTENT="la brigade d'occupation, etc... – ou le ministre de la guerre, selon les cas prévus par l'article 8 du Code de justice militaire." HPOS="292" VPOS="8185" WIDTH="3713" HEIGHT="161" WC="0.9680056927740112"/>
          </TextLine>

          
          
          <TextLine ID="textline_00061" TAGREFS="LT6926" BASELINE="383 8392 1159 8406 4935 8348" HPOS="369" VPOS="8254" WIDTH="4561" HEIGHT="185">
            <Shape><Polygon POINTS="3990 8277 3913 8277 3836 8277 3759 8277 3682 8277 3605 8277 3528 8277 3451 8277 3374 8277 3297 8277 3220 8277 3143 8277 3066 8277 2989 8277 2911 8277 2834 8277 2757 8277 2680 8277 2603 8277 2526 8277 2449 8277 2372 8277 2295 8277 2218 8277 2180 8277 369 8285 377 8385 377 8439 446 8439 4922 8423 4930 8346 4907 8254 3998 8254 3990 8277"/></Shape>
	    <String CONTENT="(2) Si le huis clos a été ordonné, le dire en visant l'article 113 du Code de justice militaire; il ne peut être ordonné que pour les débats, et tous les jugements" HPOS="369" VPOS="8254" WIDTH="4561" HEIGHT="185"/>
          </TextLine>

          
          
          <TextLine ID="textline_00062" TAGREFS="LT6926" BASELINE="306 8450 677 8471 1413 8479" HPOS="292" VPOS="8354" WIDTH="1117" HEIGHT="177">
            <Shape><Polygon POINTS="1070 8377 993 8377 916 8385 839 8385 762 8385 685 8385 608 8385 531 8385 454 8385 377 8385 354 8354 300 8354 300 8446 292 8531 1402 8531 1409 8477 1402 8385 1124 8377 1070 8377"/></Shape>
	    <String CONTENT="doivent être prononcés publiquement." HPOS="292" VPOS="8354" WIDTH="1117" HEIGHT="177" WC="0.973422110080719"/>
          </TextLine>

          
          
          <TextLine ID="textline_00063" TAGREFS="LT6926" BASELINE="379 8564 932 8575 3487 8538" HPOS="369" VPOS="8439" WIDTH="3113" HEIGHT="192">
            <Shape><Polygon POINTS="377 8562 377 8631 3474 8600 3482 8531 3458 8439 369 8454 377 8562"/></Shape>
	    <String CONTENT="(3) Indiquer le crime ou le délit sur lequel l'accusé a été traduit devant de Conseil de guerre (art. 140)." HPOS="369" VPOS="8439" WIDTH="3113" HEIGHT="192"/>
          </TextLine>

          
        </TextBlock>
        
        <TextBlock HPOS="269.0" VPOS="8717.0" WIDTH="909.0" HEIGHT="232.0" ID="textblock_00008" TAGREFS="BT21628">
          <Shape><Polygon POINTS="269 8717 1178 8717 1178 8949 269 8949 269 8717"/></Shape>
          
          
          <TextLine ID="textline_00064" TAGREFS="LT6926" BASELINE="416 8802 1037 8808" HPOS="415" VPOS="8724" WIDTH="617" HEIGHT="138">
            <Shape><Polygon POINTS="955 8724 878 8724 801 8724 724 8724 647 8724 570 8724 493 8724 415 8724 415 8801 415 8847 1024 8862 1032 8801 1032 8724 955 8724"/></Shape>
	    <String CONTENT="FORMULE N^o 16" HPOS="415" VPOS="8724" WIDTH="617" HEIGHT="138"/>
          </TextLine>

          
        </TextBlock>
        
        </PrintSpace>
    </Page>
  </Layout>
</alto>