5901 9301
395 2046 4513 271 Les voix recueillies séparément, conformément à l'article 131 du Code de justice militaire, ou commençant par le grade inférieur

302 2232 3016 217 le Président ayant émis son opinion le dernier, le Conseil de guerre permanent déclare

279 2666 4683 333 A la majorité de quatre voix contre une l'accusé est coupable

379 3937 4552 256 Sur quoi, et attendu les conclusions prises par le Commissaire du Gouvernement dans ses réquisitions, le Président a lu le texte

310 4131 4644 217 de la loi, recueilli de nouveau les voix dans la forme prescrite par les articles 131 et 134 du Code de militaire pour l'appli-

302 4247 636 170 cation de la peine.

387 4348 3839 170 Le Conseil est rentré en séance publique, le Président a lu les motifs que précèdent et le dispositif ci-dessous.

395 4417 4513 272 En conséquence, le Conseil (1) condamne le sieur Delage

224 4565 4746 318 Henri, susqualifié, à l'unanimité, à la peine de Six jours

240 4774 4629 233 de prison par application des articles 7 et 8 de la loi du

248 4921 4544 279 9 Août 1849 sur l'état de siège et 33 de la loi du 29

232 5100 4583 248 juillet 1881 sur la presse. Le Conseil le condamne, en outre, aux

224 5262 4498 217 frais envers l'Etat et fixe au minimum la durée de la contrainte

240 5417 4777 248 par corps par application des articles 139 du Code de Justice Militaire

209 5572 4707 264 et 9 de la lai du 22 Juillet 1867, tous articles visés, lus par

217 5712 4776 279 le Présidence en audience publique. Les articles dont la pénalité a été

248 5859 1845 217 appliquée sont ainsi conçus:

263 6053 4730 217 Article 33 de la loi du 29 Juillet 1881 sur la presse: « L'injure commise par les mêmes

209 6216 4722 209 « moyens envers les corps ou personnes désignés par les articles 30 et 31 de la présente

209 6363 4769 225 « lui sera puni d'un emprisonnement de six jours à trois mois et d'un amende de

217 6518 3194 186 « 18 à 500 francs ou de l'une de ces deux peines seulement

193 6642 4808 232 Article 139 du Code de Justice Militaire: « Le jugement qui prononce une peine

224 6820 3350 163 « contre l'accusé le condamne aux frais envers l'Etat

217 6929 4699 263 Article 9 de la loi du 27 Juillet 1867: « La durée sa la contrainte par corps

201 7084 4676 302 est réglée ainsi qu'il suit : de deux jours à vingt jours lorsque l'amende et les

193 7262 3319 295 « autres condamnations n'excèdent pas cinquante francs

346.0 8572.0 4624.0 124.0 (1) Avoir soin de spécifier, s'il y a lieu, après t'indication de la peine infligée, la décision motivée du Conseil relative à ma non-imputation pour tout ou

263.0 8639.0 2103.0 181.0 partie de la détention préventive sur la durée de la peine prononcée.
