<?xml version="1.0" encoding="UTF-8"?>
<alto xmlns:xsi="http://www.w3.org/2001/XMLSchema-instance"
      xmlns="http://www.loc.gov/standards/alto/ns-v4#"
      xsi:schemaLocation="http://www.loc.gov/standards/alto/ns-v4# http://www.loc.gov/standards/alto/v4/alto-4-2.xsd">
  <Description>
    <MeasurementUnit>pixel</MeasurementUnit>
    <sourceImageInformation>
      <fileName>11_J_184_0032.jpg</fileName>
      
    </sourceImageInformation>
  </Description>
  
  <Tags>
    <OtherTag ID="BT16575" LABEL="MarginTextZone" DESCRIPTION="block type MarginTextZone"/><OtherTag ID="BT16576" LABEL="DamageZone" DESCRIPTION="block type DamageZone"/><OtherTag ID="BT16577" LABEL="DigitizationArtefactZone" DESCRIPTION="block type DigitizationArtefactZone"/><OtherTag ID="BT16578" LABEL="DropCapitalZone" DESCRIPTION="block type DropCapitalZone"/><OtherTag ID="BT16579" LABEL="GraphicZone" DESCRIPTION="block type GraphicZone"/><OtherTag ID="BT16580" LABEL="MusicZone" DESCRIPTION="block type MusicZone"/><OtherTag ID="BT16581" LABEL="NumberingZone" DESCRIPTION="block type NumberingZone"/><OtherTag ID="BT16582" LABEL="QuireMarksZone" DESCRIPTION="block type QuireMarksZone"/><OtherTag ID="BT16583" LABEL="RunningTitleZone" DESCRIPTION="block type RunningTitleZone"/><OtherTag ID="BT16584" LABEL="SealZone" DESCRIPTION="block type SealZone"/><OtherTag ID="BT16585" LABEL="StampZone" DESCRIPTION="block type StampZone"/><OtherTag ID="BT16586" LABEL="TableZone" DESCRIPTION="block type TableZone"/><OtherTag ID="BT16587" LABEL="TitlePageZone" DESCRIPTION="block type TitlePageZone"/><OtherTag ID="BT19261" LABEL="MainZone" DESCRIPTION="block type MainZone"/><OtherTag ID="BT21623" LABEL="MainZone-judgementNumber" DESCRIPTION="block type MainZone-judgementNumber"/><OtherTag ID="BT21624" LABEL="MainZone-judgementPlace" DESCRIPTION="block type MainZone-judgementPlace"/><OtherTag ID="BT21625" LABEL="MainZone-orderNumber" DESCRIPTION="block type MainZone-orderNumber"/><OtherTag ID="BT21626" LABEL="MainZone-crimeDate" DESCRIPTION="block type MainZone-crimeDate"/><OtherTag ID="BT21627" LABEL="MarginTextZone-note" DESCRIPTION="block type MarginTextZone-note"/><OtherTag ID="BT21628" LABEL="QuireMarksZone-signature" DESCRIPTION="block type QuireMarksZone-signature"/><OtherTag ID="BT21629" LABEL="CustomZone-signature" DESCRIPTION="block type CustomZone-signature"/><OtherTag ID="BT21630" LABEL="MarginTextZone-addition" DESCRIPTION="block type MarginTextZone-addition"/>
    <OtherTag ID="LT6926" LABEL="DefaultLine" DESCRIPTION="line type DefaultLine"/><OtherTag ID="LT6927" LABEL="HeadingLine" DESCRIPTION="line type HeadingLine"/><OtherTag ID="LT6928" LABEL="InterlinearLine" DESCRIPTION="line type InterlinearLine"/><OtherTag ID="LT8439" LABEL="CustomLine:scratched" DESCRIPTION="line type CustomLine:scratched"/><OtherTag ID="LT8440" LABEL="CustomLine:signature" DESCRIPTION="line type CustomLine:signature"/><OtherTag ID="LT8441" LABEL="CustomLine:margin" DESCRIPTION="line type CustomLine:margin"/><OtherTag ID="LT8442" LABEL="default" DESCRIPTION="line type default"/>
  </Tags>
  
  <Layout>
    <Page WIDTH="6423"
          HEIGHT="9397"
          PHYSICAL_IMG_NR="7"
          ID="eSc_dummypage_">
      <PrintSpace HPOS="0"
                  VPOS="0"
                  WIDTH="6423"
                  HEIGHT="9397">
        
        <TextBlock HPOS="1252.0"
                   VPOS="349.0"
                   WIDTH="5108.0"
                   HEIGHT="7821.0"
                   ID="b65fc948-878d-4b27-a91a-ac85dd649cf2"
                   TAGREFS="BT19261">
          <Shape><Polygon POINTS="1252 349 6360 349 6360 8170 1252 8170 1252 349"/></Shape>
          
          
          <TextLine ID="57cecf38-6e02-45d2-bc1a-8a29e5644b7d"
                    TAGREFS="LT6926"
                    BASELINE="1557 625 6183 611" 
                    HPOS="1543"
                    VPOS="501"
                    WIDTH="4637"
                    HEIGHT="172">
            <Shape><Polygon POINTS="2404 509 2326 509 2248 509 2169 509 2091 509 2013 509 1934 509 1856 509 1778 509 1699 509 1691 501 1543 501 1550 618 1550 665 6164 673 6180 610 6164 516 2451 501 2404 509"/></Shape>
	    <String CONTENT="militaire, du Code d&#x27;instruction criminette et du Code pénal ordinaire, et ordonné à la parde d&#x27;amener) accusé, qui, a"
                    HPOS="1543"
                    VPOS="501"
                    WIDTH="4637"
                    HEIGHT="172"
                    WC="0.9635039509319868"></String>
          </TextLine>

          
          
          <TextLine ID="841bba01-328b-4173-89f9-c04c234bc05b"
                    TAGREFS="LT6926"
                    BASELINE="1674 512 6239 510" 
                    HPOS="1668"
                    VPOS="391"
                    WIDTH="4567"
                    HEIGHT="172">
            <Shape><Polygon POINTS="1668 509 1668 555 6227 563 6235 509 6235 399 1668 391 1668 509"/></Shape>
	    <String CONTENT="La séance ayant été ouverte, le Président a fait apporter et déposer devant lui, sur le bureau, un exemplaire du Code du justice"
                    HPOS="1668"
                    VPOS="391"
                    WIDTH="4567"
                    HEIGHT="172"></String>
          </TextLine>

          
          
          <TextLine ID="aebd9951-c11d-43b4-916e-4a31a2386c77"
                    TAGREFS="LT6926"
                    BASELINE="1552 736 6050 730" 
                    HPOS="1550"
                    VPOS="610"
                    WIDTH="4497"
                    HEIGHT="188">
            <Shape><Polygon POINTS="3039 610 2960 610 2882 610 2804 610 2725 610 2647 610 2569 610 2490 610 2412 610 2334 618 2255 618 2177 618 2099 618 2020 618 1942 618 1864 618 1785 618 1707 618 1629 618 1550 618 1550 728 1550 798 6047 798 6047 728 6047 610 3117 610 3039 610"/></Shape>
	    <String CONTENT="été introduit, libre et sans fers, devant le Conseil, accompagné de son défenseur le Caporal Duceré"
                    HPOS="1550"
                    VPOS="610"
                    WIDTH="4497"
                    HEIGHT="188"></String>
          </TextLine>

          
          
          <TextLine ID="c9e41f91-9f49-4109-adbc-4ae885a8441b"
                    TAGREFS="LT6926"
                    BASELINE="1485 914 4689 893" 
                    HPOS="1472"
                    VPOS="736"
                    WIDTH="3212"
                    HEIGHT="274">
            <Shape><Polygon POINTS="1480 908 1480 978 3007 1010 3015 1010 3023 1010 3078 994 3188 963 3297 994 3321 1002 3328 1002 3336 1002 3501 994 4214 963 4253 994 4253 1002 4261 1002 4268 1002 4276 1010 4676 1010 4684 892 4676 783 4621 736 4613 736 4605 736 4386 736 4378 736 4370 736 4362 736 4362 743 4315 783 3563 743 3556 743 3548 743 3540 743 3540 751 3501 783 3274 751 3266 751 3062 790 2992 743 2984 743 2976 743 2968 743 2436 790 2381 743 2373 743 2365 743 1731 743 1723 743 1715 743 1707 743 1707 751 1668 790 1574 751 1566 751 1558 751 1550 751 1543 751 1472 783 1480 908"/></Shape>
	    <String CONTENT="de la 18^e Section de C.0. A désigné d&#x27;office"
                    HPOS="1472"
                    VPOS="736"
                    WIDTH="3212"
                    HEIGHT="274"></String>
          </TextLine>

          
          
          <TextLine ID="dd55a95f-f8e5-4745-b4b7-4ce7c25f7189"
                    TAGREFS="LT6926"
                    BASELINE="1644 1477 6287 1457" 
                    HPOS="1561"
                    VPOS="1279"
                    WIDTH="4721"
                    HEIGHT="245">
            <Shape><Polygon POINTS="1566 1498 2062 1524 2067 1524 2073 1524 2245 1461 2344 1513 2349 1513 2605 1519 2610 1519 2616 1519 3063 1478 3336 1478 3467 1469 3561 1508 3566 1508 3571 1508 3577 1508 4574 1498 4579 1498 5069 1466 5430 1471 5591 1466 5671 1487 5676 1487 5681 1487 5686 1487 5812 1451 6276 1472 6282 1393 6266 1279 5906 1284 5671 1331 5509 1331 5451 1294 5446 1294 5441 1294 5436 1294 5206 1331 4710 1305 4704 1305 4699 1305 4694 1305 4652 1336 3796 1305 3791 1305 3477 1336 3133 1315 3127 1315 3122 1315 3117 1315 3070 1352 2715 1315 2710 1315 2349 1320 2344 1320 2339 1320 2276 1362 1561 1362 1566 1440"/></Shape>
	    <String CONTENT="Interrogé de ses nom, prénoms, âge, lieu de naissance, état profession et domicile l&#x27;accusé"
                    HPOS="1561"
                    VPOS="1279"
                    WIDTH="4721"
                    HEIGHT="245"></String>
          </TextLine>

          
          
          <TextLine ID="93994b61-d711-4890-8887-4141a4824eb1"
                    TAGREFS="LT6926"
                    BASELINE="1634 1582 6266 1561" 
                    HPOS="1621"
                    VPOS="1440"
                    WIDTH="4637"
                    HEIGHT="188">
            <Shape><Polygon POINTS="1629 1581 1629 1620 6250 1628 6258 1558 6235 1440 1621 1472 1629 1581"/></Shape>
	    <String CONTENT="a répondu se nommer de la Forest Dironne Ludovic Joseph, âgé de"
                    HPOS="1621"
                    VPOS="1440"
                    WIDTH="4637"
                    HEIGHT="188"></String>
          </TextLine>

          
          
          <TextLine ID="b8b0c2f6-9a8b-420e-b40c-1cb4f458b8e7"
                    TAGREFS="LT6926"
                    BASELINE="1457 1737 6095 1695" 
                    HPOS="1449"
                    VPOS="1542"
                    WIDTH="4645"
                    HEIGHT="290">
            <Shape><Polygon POINTS="2154 1581 2075 1581 1997 1581 1919 1581 1840 1581 1762 1581 1684 1581 1449 1581 1456 1730 1456 1785 1848 1832 1856 1832 2365 1777 2483 1769 2522 1777 2678 1824 2686 1824 2694 1824 2702 1824 2710 1824 2772 1777 2788 1769 3117 1769 3125 1769 3234 1816 3242 1816 3250 1816 3258 1816 3399 1769 3415 1761 3422 1769 3469 1808 3469 1816 3477 1816 3485 1816 3493 1824 3634 1824 3634 1816 3642 1816 3767 1761 3775 1761 3822 1808 3822 1816 3830 1816 3838 1816 3845 1824 4229 1824 4229 1816 4237 1816 4245 1816 4245 1808 4300 1761 4308 1754 4315 1761 4464 1808 4472 1808 4480 1816 4793 1816 4793 1808 4801 1808 4958 1754 4966 1754 5138 1808 5146 1808 5154 1808 5381 1801 5389 1801 5396 1801 5475 1746 5498 1746 5913 1801 5921 1801 5929 1801 6094 1738 6094 1691 6054 1542 6007 1581 2232 1581 2154 1581"/></Shape>
	    <String CONTENT="de vingt-et-un ans, né à Paris (VIIᵉ) Seine, Célibataire, sans"
                    HPOS="1449"
                    VPOS="1542"
                    WIDTH="4645"
                    HEIGHT="290"></String>
          </TextLine>

          
          
          <TextLine ID="eSc_line_39ca7dd6"
                    TAGREFS="LT6926"
                    BASELINE="1487 1900 6002 1848" 
                    HPOS="1441"
                    VPOS="1729"
                    WIDTH="4608"
                    HEIGHT="260">
            <Shape><Polygon POINTS="1470 1795 1441 1855 1441 1989 1519 1989 1597 1989 1676 1989 1754 1989 1832 1989 1911 1981 1989 1981 2020 1981 2028 1981 2036 1981 2099 1942 2428 1973 2459 1973 2467 1973 2475 1973 2483 1973 2569 1934 2929 1965 2937 1965 2945 1965 2953 1965 2960 1965 3000 1934 3047 1965 3054 1965 3062 1965 3070 1965 3078 1965 3086 1965 3336 1902 3712 1957 3728 1957 3736 1957 3744 1957 3861 1918 4033 1942 4041 1942 4049 1942 4057 1942 4057 1934 4104 1895 6004 1920 6049 1762 5796 1729"/></Shape>
	    <String CONTENT="profession, domicilié à Paris, 6O Avenue d&#x27;Iena (XVI), Seine,"
                    HPOS="1441"
                    VPOS="1729"
                    WIDTH="4608"
                    HEIGHT="260"></String>
          </TextLine>

          
          
          <TextLine ID="52337918-4ca3-4e6e-ac28-a1e55b3f7685"
                    TAGREFS="LT6926"
                    BASELINE="1466 2055 4866 1989" 
                    HPOS="1456"
                    VPOS="1840"
                    WIDTH="3408"
                    HEIGHT="289">
            <Shape><Polygon POINTS="1464 2051 1464 2122 2475 2129 2483 2129 3078 2083 3195 2075 3250 2075 3642 2106 3650 2106 3657 2106 3751 2059 3759 2059 3783 2059 3994 2098 4002 2098 4010 2098 4127 2051 4135 2051 4159 2051 4456 2090 4464 2090 4472 2090 4480 2090 4550 2043 4550 2036 4864 2028 4864 1981 4848 1887 4621 1840 4613 1840 4417 1879 4104 1848 4096 1848 4088 1848 3971 1895 2984 1879 2976 1879 2968 1879 2960 1879 2960 1887 2921 1918 2592 1879 2584 1879 2577 1879 2412 1926 1840 1902 1832 1902 1456 1949 1464 2051"/></Shape>
	    <String CONTENT="actuellement cycliste à l&#x27;Etat major de la X^e Armée"
                    HPOS="1456"
                    VPOS="1840"
                    WIDTH="3408"
                    HEIGHT="289"></String>
          </TextLine>

          
          
          <TextLine ID="003814b0-e7e1-4c0b-985e-d3db36130bfd"
                    TAGREFS="LT6926"
                    BASELINE="1632 2960 6236 2950" 
                    HPOS="1621"
                    VPOS="2795"
                    WIDTH="4614"
                    HEIGHT="227">
            <Shape><Polygon POINTS="1629 2952 1629 3007 6219 3022 6235 2944 6203 2795 6117 2834 1621 2803 1629 2952"/></Shape>
	    <String CONTENT="Le Président, après avoir fait lire par le greffier de convocation, le rapport prescrit par l&#x27;article 108 du Code de justice"
                    HPOS="1621"
                    VPOS="2795"
                    WIDTH="4614"
                    HEIGHT="227"></String>
          </TextLine>

          
          
          <TextLine ID="d94a5b62-77dd-4744-8e1b-db10132d53ce"
                    TAGREFS="LT6926"
                    BASELINE="1539 3080 5966 3058" 
                    HPOS="1451"
                    VPOS="2960"
                    WIDTH="4754"
                    HEIGHT="146">
            <Shape><Polygon POINTS="1456 3106 5900 3080 6205 3008 5890 2986 1451 2960 1456 3043"/></Shape>
	    <String CONTENT="militaire, et les pièces dont la lecture lui a paru nécessaire, a fait connaître a l&#x27;accusé les faits à raison desquels il est"
                    HPOS="1451"
                    VPOS="2960"
                    WIDTH="4754"
                    HEIGHT="146"></String>
          </TextLine>

          
          
          <TextLine ID="e435546e-8660-44bf-b875-d146be0d730e"
                    TAGREFS="LT6926"
                    BASELINE="1533 3195 5509 3178" 
                    HPOS="1519"
                    VPOS="3069"
                    WIDTH="3987"
                    HEIGHT="188">
            <Shape><Polygon POINTS="2537 3069 2459 3069 2381 3069 2302 3069 2224 3069 2146 3069 2067 3077 1989 3077 1911 3077 1832 3077 1754 3077 1676 3077 1597 3077 1590 3069 1519 3069 1527 3194 1527 3257 5498 3234 5506 3171 5490 3069 2616 3069 2537 3069"/></Shape>
	    <String CONTENT="poursuivi, et lui a donné, ainsi qu&#x27;au défenseur, l&#x27;avertissement indiqué en l&#x27;article 121 dudit Code;"
                    HPOS="1519"
                    VPOS="3069"
                    WIDTH="3987"
                    HEIGHT="188"></String>
          </TextLine>

          
          
          <TextLine ID="26be6585-fc45-4944-abb0-2022ade72470"
                    TAGREFS="LT6926"
                    BASELINE="1623 3301 3575 3294" 
                    HPOS="1613"
                    VPOS="3179"
                    WIDTH="1958"
                    HEIGHT="188">
            <Shape><Polygon POINTS="1621 3296 1621 3367 3563 3335 3571 3288 3548 3179 1613 3194 1621 3296"/></Shape>
	    <String CONTENT="Après quoi, il a procédé à l&#x27;interrogatoire de l&#x27;accusé"
                    HPOS="1613"
                    VPOS="3179"
                    WIDTH="1958"
                    HEIGHT="188"></String>
          </TextLine>

          
          
          <TextLine ID="fb72e84a-b31c-4d31-be42-cad27b12d7bd"
                    TAGREFS="LT8439"
                    BASELINE="3671 3295 6220 3278" 
                    HPOS="3634"
                    VPOS="3179"
                    WIDTH="2647"
                    HEIGHT="172">
            <Shape><Polygon POINTS="3642 3343 6133 3351 6281 3274 6148 3201 3634 3179 3642 3273"/></Shape>
	    <String CONTENT="et a fait entendre publiquement et séparément les témoins à charge (1)"
                    HPOS="3634"
                    VPOS="3179"
                    WIDTH="2647"
                    HEIGHT="172"></String>
          </TextLine>

          
          
          <TextLine ID="196851a2-0133-490d-86f6-a71dfb000a9a"
                    TAGREFS="LT8439"
                    BASELINE="2370 3409 6216 3400" 
                    HPOS="2357"
                    VPOS="3304"
                    WIDTH="3854"
                    HEIGHT="165">
            <Shape><Polygon POINTS="2365 3406 2365 3453 6195 3469 6211 3398 6188 3304 2357 3304 2365 3406"/></Shape>
	    <String CONTENT="; lesdits témoins ayant au préalable prêté serment de parler sans haine et sans crainte, jure de dire toute la"
                    HPOS="2357"
                    VPOS="3304"
                    WIDTH="3854"
                    HEIGHT="165"></String>
          </TextLine>

          
          
          <TextLine ID="e824ee5f-3cd1-413b-9335-4bebec58cc87"
                    TAGREFS="LT8439"
                    BASELINE="1540 3520 2472 3515" 
                    HPOS="1498"
                    VPOS="3424"
                    WIDTH="1028"
                    HEIGHT="141">
            <Shape><Polygon POINTS="2467 3424 1503 3424 1503 3492 1498 3549 2438 3565 2513 3529 2526 3496"/></Shape>
	    <String CONTENT="vérité et rien que la vérité;"
                    HPOS="1498"
                    VPOS="3424"
                    WIDTH="1028"
                    HEIGHT="141"></String>
          </TextLine>

          
          
          <TextLine ID="9e67d1ae-2cda-4718-a8f8-c1ce8270a005"
                    TAGREFS="LT6926"
                    BASELINE="2517 3511 6241 3528" 
                    HPOS="2506"
                    VPOS="3398"
                    WIDTH="3729"
                    HEIGHT="180">
            <Shape><Polygon POINTS="6195 3406 6117 3406 6039 3406 5960 3406 5882 3406 5804 3406 5725 3406 5647 3406 5569 3406 5490 3406 5412 3406 5334 3406 5255 3406 5177 3406 5099 3406 5020 3406 4942 3406 4864 3406 4785 3406 4707 3406 4629 3406 4550 3406 4472 3406 4394 3406 4315 3406 4237 3406 4159 3406 4080 3406 4002 3406 3924 3406 3845 3406 3767 3406 3689 3406 3610 3406 3532 3406 3454 3406 3375 3406 3297 3406 3219 3406 3141 3406 3062 3406 2984 3406 2906 3406 2827 3406 2749 3406 2671 3406 2592 3406 2514 3406 2514 3508 2506 3563 6219 3578 6235 3523 6227 3406 6195 3398 6195 3406"/></Shape>
	    <String CONTENT="l&#x27;Adjudant Aront, témoin régulièrement cité n&#x27;ayant pas comparu à l&#x27;audience par"
                    HPOS="2506"
                    VPOS="3398"
                    WIDTH="3729"
                    HEIGHT="180"></String>
          </TextLine>

          
          
          <TextLine ID="ae95f530-b955-480e-8fb5-85884ef4ae4b"
                    TAGREFS="LT6926"
                    BASELINE="1454 3622 6229 3642" 
                    HPOS="1390"
                    VPOS="3541"
                    WIDTH="4848"
                    HEIGHT="144">
            <Shape><Polygon POINTS="1394 3649 6219 3685 6229 3596 6238 3561 1399 3541 1390 3581"/></Shape>
	    <String CONTENT="suite d&#x27;empêchement de service (pièce 9) le défenseur a déposé des conclusions écrites (pièce 10) demandant au"
                    HPOS="1390"
                    VPOS="3541"
                    WIDTH="4848"
                    HEIGHT="144"></String>
          </TextLine>

          
          
          <TextLine ID="a670c9ec-1c24-4a6b-b749-aada4ec217e0"
                    TAGREFS="LT6926"
                    BASELINE="1452 3742 6245 3733" 
                    HPOS="1378"
                    VPOS="3638"
                    WIDTH="4867"
                    HEIGHT="141">
            <Shape><Polygon POINTS="1378 3769 5268 3779 5295 3779 5347 3779 5399 3779 5451 3779 5503 3779 5556 3779 5608 3779 5660 3779 5712 3779 5765 3779 5817 3779 5869 3779 5921 3779 5973 3779 6026 3779 6078 3779 6130 3779 6182 3779 6235 3779 6245 3701 6240 3638 1378 3656 1378 3701"/></Shape>
	    <String CONTENT="Conseil de donner acte de ladite abstention. Le Conseil après s&#x27;être retiré dans la salle des délibérations et en"
                    HPOS="1378"
                    VPOS="3638"
                    WIDTH="4867"
                    HEIGHT="141"></String>
          </TextLine>

          
          
          <TextLine ID="9dea2733-cc2e-4a38-907e-d6cc57e9c59c"
                    TAGREFS="LT6926"
                    BASELINE="1449 3852 6261 3784" 
                    HPOS="1433"
                    VPOS="3672"
                    WIDTH="4825"
                    HEIGHT="235">
            <Shape><Polygon POINTS="6211 3735 6133 3735 6054 3735 5976 3735 5898 3735 5819 3735 5741 3735 5663 3735 5584 3735 5506 3735 5428 3735 5349 3735 5271 3735 5193 3735 5114 3735 5036 3735 4958 3735 4879 3735 4801 3735 4723 3735 4644 3735 4566 3735 4488 3735 4409 3735 4331 3735 4253 3735 4174 3735 4096 3735 4018 3735 3939 3735 3861 3735 3783 3735 3704 3735 3626 3735 3548 3735 3469 3735 3391 3735 3313 3735 3234 3735 3156 3735 3078 3735 3000 3735 2921 3735 2843 3735 2765 3735 2686 3735 2608 3735 2530 3735 2451 3735 2381 3735 1433 3743 1441 3844 1441 3907 1574 3899 1597 3876 1676 3876 1754 3876 1832 3876 1911 3876 1989 3876 2067 3876 2146 3876 2224 3876 2302 3876 2381 3876 2459 3876 2537 3876 2616 3876 2694 3876 2772 3876 2851 3876 2929 3876 3007 3876 3086 3876 3164 3876 3242 3876 3321 3876 3399 3876 3477 3876 3556 3876 3634 3876 3712 3876 3791 3876 3869 3876 3947 3876 4026 3876 4104 3876 4182 3876 4261 3876 4339 3876 4417 3876 4496 3876 4574 3876 4644 3876 6250 3860 6258 3782 6235 3672 6211 3672 6211 3735"/></Shape>
	    <String CONTENT="avoir délibéré est rentré en audience publique où le Président a lu le dispositif suivant: Attendu que"
                    HPOS="1433"
                    VPOS="3672"
                    WIDTH="4825"
                    HEIGHT="235"></String>
          </TextLine>

          
          
          <TextLine ID="d90bb9b4-5f47-47bf-9089-71a17c41f7a5"
                    TAGREFS="LT8439"
                    BASELINE="1603 3917 6218 3917" 
                    HPOS="1566"
                    VPOS="3826"
                    WIDTH="4739"
                    HEIGHT="125">
            <Shape><Polygon POINTS="1566 3951 6285 3944 6305 3890 6203 3840 1571 3826 1571 3889"/></Shape>
	    <String CONTENT="Et le Président ayant, en outre, rempli à leur égard les formalités proscrites par las articles 317 et 319 du Code d&#x27;instruction"
                    HPOS="1566"
                    VPOS="3826"
                    WIDTH="4739"
                    HEIGHT="125"></String>
          </TextLine>

          
          
          <TextLine ID="52ce0265-3c9d-4e30-b926-379eed515ae4"
                    TAGREFS="LT8439"
                    BASELINE="1524 4030 1891 4030" 
                    HPOS="1433"
                    VPOS="3950"
                    WIDTH="524"
                    HEIGHT="137">
            <Shape><Polygon POINTS="1433 4079 1840 4087 1957 4003 1885 3952 1441 3950 1441 4009"/></Shape>
	    <String CONTENT="criminelle ;"
                    HPOS="1433"
                    VPOS="3950"
                    WIDTH="524"
                    HEIGHT="137"></String>
          </TextLine>

          
          
          <TextLine ID="676de91d-06e4-49d6-89ff-d3db616e4ca7"
                    TAGREFS="LT6926"
                    BASELINE="1954 4012 6276 4015" 
                    HPOS="1942"
                    VPOS="3915"
                    WIDTH="4346"
                    HEIGHT="164">
            <Shape><Polygon POINTS="1997 3915 1942 3985 1950 4009 1950 4079 4660 4072 4691 4072 4770 4072 4848 4072 4926 4072 5005 4072 5083 4072 5161 4072 5240 4072 5318 4072 5396 4072 5475 4072 5553 4072 5631 4072 5710 4072 5788 4072 5866 4072 5945 4072 6023 4072 6101 4072 6180 4072 6258 4072 6266 4072 6288 3952"/></Shape>
	    <String CONTENT="le témoin Aront n&#x27;a pu être entendu parce qu&#x27;il a été retenu par les obligations de son service"
                    HPOS="1942"
                    VPOS="3915"
                    WIDTH="4346"
                    HEIGHT="164"></String>
          </TextLine>

          
          
          <TextLine ID="262a97ae-dba1-4ae5-99a7-81c4427d7ae9"
                    TAGREFS="LT6926"
                    BASELINE="1450 4136 6291 4124" 
                    HPOS="1441"
                    VPOS="4025"
                    WIDTH="4848"
                    HEIGHT="187">
            <Shape><Polygon POINTS="1449 4134 1449 4212 2208 4212 2232 4189 2310 4189 2389 4189 2467 4189 2545 4189 2624 4189 2702 4189 2780 4189 2859 4189 2937 4189 3015 4189 3094 4189 3172 4189 3250 4189 3328 4189 3407 4189 3485 4189 3563 4189 3642 4189 3720 4189 3798 4189 3877 4189 3955 4189 4033 4189 4112 4189 4190 4181 4268 4181 4347 4181 4425 4181 4503 4181 4582 4181 4660 4181 4738 4181 4817 4181 4895 4181 4973 4181 5052 4181 5130 4181 5208 4181 5287 4181 5365 4181 5443 4181 5522 4181 5600 4181 5678 4181 5757 4181 5835 4181 5913 4181 5992 4181 6070 4181 6148 4181 6164 4212 6282 4212 6289 4119 6266 4025 1441 4032 1449 4134"/></Shape>
	    <String CONTENT="en temps de guerre déclare à l&#x27;unanimité des voix refuser de donner acte au défenseur de ses conclusions."
                    HPOS="1441"
                    VPOS="4025"
                    WIDTH="4848"
                    HEIGHT="187"></String>
          </TextLine>

          
          
          <TextLine ID="98f3633b-ee6e-4062-9cb1-1366e0fc0094"
                    TAGREFS="LT6926"
                    BASELINE="1450 4350 6255 4343" 
                    HPOS="1441"
                    VPOS="4212"
                    WIDTH="4809"
                    HEIGHT="212">
            <Shape><Polygon POINTS="4261 4236 4182 4236 4104 4236 4026 4236 3947 4236 3869 4236 3791 4236 3712 4236 3634 4236 3556 4236 3477 4236 3399 4236 3321 4236 3242 4236 3164 4236 3086 4236 3007 4236 2929 4236 2851 4236 2772 4236 2694 4236 2616 4236 2537 4236 2459 4236 2381 4236 2302 4236 2224 4236 2208 4212 1441 4212 1449 4346 1449 4424 6242 4424 6250 4338 6235 4252 4315 4236 4261 4236"/></Shape>
	    <String CONTENT="l&#x27;examen de son client au point de vue mental et le renvoi de l&#x27;affaire à une séance ultérieure"
                    HPOS="1441"
                    VPOS="4212"
                    WIDTH="4809"
                    HEIGHT="212"></String>
          </TextLine>

          
          
          <TextLine ID="9e62ba1e-4b55-4cba-9f0c-8cb28178877e"
                    TAGREFS="LT6926"
                    BASELINE="2201 4239 6203 4229" 
                    HPOS="2187"
                    VPOS="4156"
                    WIDTH="4016"
                    HEIGHT="140">
            <Shape><Polygon POINTS="2187 4296 6198 4286 6203 4192 6188 4156 2187 4168 2187 4207"/></Shape>
	    <String CONTENT="Le défenseur a déposé alors de nouvelles conclusions écrites (pièce 11) demandant"
                    HPOS="2187"
                    VPOS="4156"
                    WIDTH="4016"
                    HEIGHT="140"></String>
          </TextLine>

          
          
          <TextLine ID="49f27c16-7d0b-4ec9-b5b0-1baf56df27e4"
                    TAGREFS="LT6926"
                    BASELINE="1441 4460 6182 4467" 
                    HPOS="1433"
                    VPOS="4322"
                    WIDTH="4747"
                    HEIGHT="204">
            <Shape><Polygon POINTS="4080 4322 3806 4346 3603 4361 2240 4338 2208 4346 2130 4346 2052 4346 1973 4346 1895 4346 1817 4346 1738 4346 1660 4346 1582 4346 1503 4346 1496 4330 1433 4330 1433 4455 1433 4526 6172 4526 6180 4463 6180 4369 5866 4322 5859 4322 5561 4361 5537 4361 5514 4361 5302 4322 5295 4322 4793 4353 4644 4361 4480 4353 4088 4322 4080 4322"/></Shape>
	    <String CONTENT="Le Conseil, après s&#x27;être retiré dans la salle des délibérations et en avoir délibéré est rentré en"
                    HPOS="1433"
                    VPOS="4322"
                    WIDTH="4747"
                    HEIGHT="204"></String>
          </TextLine>

          
          
          <TextLine ID="0cfc552d-0502-4be8-80f4-5bc05e12ab17"
                    TAGREFS="LT6926"
                    BASELINE="1436 4568 6182 4568" 
                    HPOS="1433"
                    VPOS="4471"
                    WIDTH="4747"
                    HEIGHT="164">
            <Shape><Polygon POINTS="1433 4565 1433 4635 6180 4628 6180 4565 6180 4471 1433 4471 1433 4565"/></Shape>
	    <String CONTENT="audience publique où le Président a lu le dispositif suivant: Attendu qui le Conseil de"
                    HPOS="1433"
                    VPOS="4471"
                    WIDTH="4747"
                    HEIGHT="164"></String>
          </TextLine>

          
          
          <TextLine ID="e5a263fe-bdbb-40a4-af97-658d01f32cd2"
                    TAGREFS="LT6926"
                    BASELINE="1467 4667 6000 4669" 
                    HPOS="1456"
                    VPOS="4557"
                    WIDTH="4536"
                    HEIGHT="180">
            <Shape><Polygon POINTS="2561 4565 2483 4565 2404 4565 2326 4565 2248 4565 2169 4565 2091 4565 2013 4565 1934 4565 1856 4565 1778 4565 1699 4565 1621 4565 1543 4565 1464 4565 1464 4659 1456 4737 5984 4737 5992 4667 5984 4573 2592 4557 2561 4565"/></Shape>
	    <String CONTENT="Guerre se trouve suffisamment éclairé sur l&#x27;état mental du cavalier de la Forest Divonne"
                    HPOS="1456"
                    VPOS="4557"
                    WIDTH="4536"
                    HEIGHT="180"></String>
          </TextLine>

          
          
          <TextLine ID="4b950df5-0f42-4516-bd61-6d5ebaf053e8"
                    TAGREFS="LT6926"
                    BASELINE="1457 4791 6146 4786" 
                    HPOS="1456"
                    VPOS="4675"
                    WIDTH="4685"
                    HEIGHT="195">
            <Shape><Polygon POINTS="1456 4784 1456 4870 1535 4870 1613 4870 1691 4870 1770 4870 1848 4870 1926 4870 2005 4870 2083 4870 2161 4870 2240 4870 2318 4870 2396 4870 2475 4870 2553 4870 2631 4870 2710 4870 2788 4870 2866 4870 2945 4870 3023 4870 3101 4870 3180 4870 3258 4870 3336 4870 3415 4870 3493 4870 3571 4870 3650 4870 3728 4870 3806 4870 3885 4870 3963 4870 4041 4870 4120 4870 6141 4870 6141 4784 6133 4675 1456 4682 1456 4784"/></Shape>
	    <String CONTENT="sur les pièces du dossiers ordonne à la majorité de quatre voix contre une le rejet de la demande du"
                    HPOS="1456"
                    VPOS="4675"
                    WIDTH="4685"
                    HEIGHT="195"></String>
          </TextLine>

          
          
          <TextLine ID="0927abcf-3fc9-4683-979f-ac2827150b7f"
                    TAGREFS="LT6926"
                    BASELINE="1443 4880 4187 4892" 
                    HPOS="1378"
                    VPOS="4802"
                    WIDTH="2827"
                    HEIGHT="141">
            <Shape><Polygon POINTS="1383 4802 1378 4912 2438 4912 2522 4938 2527 4938 2532 4938 2537 4938 2647 4912 2767 4943 2772 4943 2778 4943 3383 4922 3467 4943 3519 4943 3571 4943 3582 4943 4191 4926 4205 4860 4200 4805"/></Shape>
	    <String CONTENT="défenseur (Article 124 ds Code de Justine Militaires)"
                    HPOS="1378"
                    VPOS="4802"
                    WIDTH="2827"
                    HEIGHT="141"></String>
          </TextLine>

          
          
          <TextLine ID="8001f8bb-60ef-4786-92be-ea5856de2df0"
                    TAGREFS="LT6926"
                    BASELINE="1599 4991 6198 4989" 
                    HPOS="1488"
                    VPOS="4849"
                    WIDTH="4715"
                    HEIGHT="183">
            <Shape><Polygon POINTS="1488 4891 1493 4954 1493 5022 6193 5032 6203 4943 6188 4849 5994 4881"/></Shape>
	    <String CONTENT="Ouï M. le Commissaire du Gouvernement en ses réquisitions tendant à ce que (3) le cavalier de La Forest Divonne"
                    HPOS="1488"
                    VPOS="4849"
                    WIDTH="4715"
                    HEIGHT="183"></String>
          </TextLine>

          
          
          <TextLine ID="fa4ff466-b864-4be6-a5f3-4392a3e823e6"
                    TAGREFS="LT6926"
                    BASELINE="1445 5153 5972 5132" 
                    HPOS="1433"
                    VPOS="4988"
                    WIDTH="4535"
                    HEIGHT="227">
            <Shape><Polygon POINTS="1441 5152 1441 5215 5960 5199 5968 5129 5953 5019 4832 4988 4825 4988 4535 5027 4519 5027 4464 4988 4456 4988 4449 4988 4441 4988 4433 4988 4425 4988 4370 5027 4362 5035 3751 5035 3728 5035 3501 4996 3493 4996 3250 5035 3007 4996 3000 4996 2992 4996 2984 4996 2921 5043 2913 5043 2890 5043 2506 5003 2498 5003 2490 5003 2483 5003 2483 5011 2443 5043 2443 5050 2396 5050 2099 5050 1684 5003 1676 5003 1433 5050 1441 5152"/></Shape>
	    <String CONTENT="soit déclaré coupable de Vols qualifiés et qu&#x27;il lui soit fait application"
                    HPOS="1433"
                    VPOS="4988"
                    WIDTH="4535"
                    HEIGHT="227"></String>
          </TextLine>

          
          
          <TextLine ID="c892a4d7-c882-4806-9e22-d7f52e3f6f7a"
                    TAGREFS="LT6926"
                    BASELINE="1450 5317 6014 5290" 
                    HPOS="1441"
                    VPOS="5160"
                    WIDTH="4566"
                    HEIGHT="305">
            <Shape><Polygon POINTS="1449 5309 1449 5465 1699 5465 1699 5458 1707 5458 1715 5458 1793 5411 1942 5458 1950 5458 1958 5465 2420 5465 2420 5458 2428 5458 2537 5411 2686 5458 2694 5458 2702 5458 2710 5458 2718 5458 2725 5458 2921 5411 3164 5450 3172 5450 3180 5450 3328 5403 4120 5450 4143 5450 4151 5450 4159 5450 4488 5395 4723 5442 4731 5450 5396 5450 5396 5442 5404 5442 5412 5442 5490 5395 5992 5442 6007 5285 5984 5160 1441 5160 1449 5309"/></Shape>
	    <String CONTENT="des articles 267 du Code de Justice Militaire, 381(40) et 384 du Code pénal"
                    HPOS="1441"
                    VPOS="5160"
                    WIDTH="4566"
                    HEIGHT="305"></String>
          </TextLine>

          
          
          <TextLine ID="6e8257c7-aa4c-49c3-a4a2-e21298c3fcfe"
                    TAGREFS="LT6926"
                    BASELINE="1502 5847 6230 5841" 
                    HPOS="1488"
                    VPOS="5646"
                    WIDTH="4739"
                    HEIGHT="250">
            <Shape><Polygon POINTS="1496 5841 1496 5880 6219 5896 6227 5833 6203 5724 4480 5732 4425 5700 4339 5646 4331 5646 4323 5646 4206 5646 4198 5646 4190 5646 4182 5646 4120 5700 4080 5732 3156 5724 3101 5693 3070 5677 3062 5677 3054 5677 3047 5677 3015 5685 2921 5732 2827 5685 2733 5646 2725 5646 2718 5646 1488 5669 1496 5841"/></Shape>
	    <String CONTENT="et l&#x27;accusé dans ses moyens de défense, tant par lui que par son défenseur, lesquels ont"
                    HPOS="1488"
                    VPOS="5646"
                    WIDTH="4739"
                    HEIGHT="250"></String>
          </TextLine>

          
          
          <TextLine ID="9b0abd97-0d5f-4440-bf25-4ce8d644e86e"
                    TAGREFS="LT6926"
                    BASELINE="1514 5957 6210 5967" 
                    HPOS="1503"
                    VPOS="5833"
                    WIDTH="4700"
                    HEIGHT="204">
            <Shape><Polygon POINTS="2608 5833 2530 5833 2451 5833 2373 5833 2295 5833 2216 5841 2138 5841 2060 5841 1981 5841 1903 5841 1825 5841 1746 5841 1668 5841 1590 5841 1511 5841 1511 5951 1503 6014 6188 6037 6203 5959 6195 5857 2678 5833 2608 5833"/></Shape>
	    <String CONTENT="déclaré n&#x27;avoir rien à ajouter à leurs moyens de défense, et ont eu la parole les derniers, le Président a déclaré les débats terminés,"
                    HPOS="1503"
                    VPOS="5833"
                    WIDTH="4700"
                    HEIGHT="204"></String>
          </TextLine>

          
          
          <TextLine ID="c6a7710d-1315-4bb6-a4ed-faac6557b8a9"
                    TAGREFS="LT6926"
                    BASELINE="1501 6068 2034 6060" 
                    HPOS="1488"
                    VPOS="5951"
                    WIDTH="540"
                    HEIGHT="219">
            <Shape><Polygon POINTS="1958 5951 1879 5951 1801 5951 1723 5951 1644 5951 1566 5951 1488 5951 1496 6061 1496 6131 2020 6170 2028 6053 2013 5951 1958 5951"/></Shape>
	    <String CONTENT="et il a ordonné"
                    HPOS="1488"
                    VPOS="5951"
                    WIDTH="540"
                    HEIGHT="219"></String>
          </TextLine>

          
          
          <TextLine ID="eSc_line_181861d3"
                    TAGREFS="LT8439"
                    BASELINE="2044 6059 2818 6055" 
                    HPOS="2036"
                    VPOS="5951"
                    WIDTH="776"
                    HEIGHT="204">
            <Shape><Polygon POINTS="2036 6139 2804 6155 2812 6053 2804 5951 2036 5951 2036 6053"/></Shape>
	    <String CONTENT="au défenseur et"
                    HPOS="2036"
                    VPOS="5951"
                    WIDTH="776"
                    HEIGHT="204"></String>
          </TextLine>

          
          
          <TextLine ID="eSc_line_e0c7f76a"
                    TAGREFS="LT6926"
                    BASELINE="2854 6059 3802 6058" 
                    HPOS="2851"
                    VPOS="5959"
                    WIDTH="947"
                    HEIGHT="227">
            <Shape><Polygon POINTS="2851 6053 2851 6170 3454 6131 3791 6186 3798 6053 3798 5959 2851 5959 2851 6053"/></Shape>
	    <String CONTENT="a l&#x27;accusé de se retirer"
                    HPOS="2851"
                    VPOS="5959"
                    WIDTH="947"
                    HEIGHT="227"></String>
          </TextLine>

          
          
          <TextLine ID="91a52329-0269-4a05-9deb-63747e5ff453"
                    TAGREFS="LT6926"
                    BASELINE="1593 6454 3794 6459" 
                    HPOS="1590"
                    VPOS="6327"
                    WIDTH="2201"
                    HEIGHT="196">
            <Shape><Polygon POINTS="1590 6452 1590 6523 3791 6507 3791 6452 3791 6350 1590 6327 1590 6452"/></Shape>
	    <String CONTENT="L&#x27;accusé a été reconduit par l&#x27;escorte à la prison"
                    HPOS="1590"
                    VPOS="6327"
                    WIDTH="2201"
                    HEIGHT="196"></String>
          </TextLine>

          
          
          <TextLine ID="ce5e047c-fbb5-43ac-9ca8-6a179ac515a5"
                    TAGREFS="LT8439"
                    BASELINE="3859 6445 6200 6465" 
                    HPOS="3817"
                    VPOS="6337"
                    WIDTH="2457"
                    HEIGHT="178">
            <Shape><Polygon POINTS="3817 6494 6088 6515 6274 6447 6094 6369 5070 6337 5065 6337 5060 6337 5054 6337 5054 6342 5023 6374 4308 6374 4188 6337 4182 6337 4177 6337 3822 6363 3822 6436"/></Shape>
	    <String CONTENT="le Commissaire du Gouvernement, le Greffier et les assistants dans"
                    HPOS="3817"
                    VPOS="6337"
                    WIDTH="2457"
                    HEIGHT="178"></String>
          </TextLine>

          
          
          <TextLine ID="70e62fa2-91c0-4e80-8155-19db48e10c8a"
                    TAGREFS="LT8439"
                    BASELINE="1517 6564 3376 6560" 
                    HPOS="1503"
                    VPOS="6452"
                    WIDTH="1872"
                    HEIGHT="188">
            <Shape><Polygon POINTS="3305 6460 3227 6460 3148 6460 3070 6460 2992 6460 2913 6460 2835 6460 2757 6460 2678 6460 2600 6460 2522 6460 2443 6460 2365 6460 2287 6460 2208 6460 2130 6460 2052 6460 1973 6460 1895 6460 1817 6460 1738 6460 1660 6460 1582 6452 1503 6452 1511 6562 1511 6640 1590 6640 1668 6640 1746 6640 1825 6640 1903 6640 1981 6640 2060 6640 2138 6640 2216 6640 2295 6640 2373 6640 2451 6640 2530 6640 2608 6640 2686 6640 2765 6640 2843 6640 2921 6640 3000 6640 3078 6640 3156 6640 3234 6640 3313 6640 3368 6640 3375 6554 3360 6460 3305 6460"/></Shape>
	    <String CONTENT="l&#x27;auditoire se sont retirés sur l&#x27;invitation du Président (4)"
                    HPOS="1503"
                    VPOS="6452"
                    WIDTH="1872"
                    HEIGHT="188"></String>
          </TextLine>

          
          
          <TextLine ID="fba5721d-3e93-43dc-9210-b1ef0e4eb0a7"
                    TAGREFS="LT6926"
                    BASELINE="3411 6560 6097 6566" 
                    HPOS="3498"
                    VPOS="6482"
                    WIDTH="2691"
                    HEIGHT="137">
            <Shape><Polygon POINTS="3503 6619 4344 6593 4746 6614 4751 6614 4757 6614 4762 6614 4798 6588 5347 6609 5352 6609 5514 6583 6078 6604 6189 6502 6096 6482 3498 6483 3503 6546"/></Shape>
	    <String CONTENT="Le Tribunal s&#x27;est retiré dans la chambre des délibérations"
                    HPOS="3498"
                    VPOS="6482"
                    WIDTH="2691"
                    HEIGHT="137"></String>
          </TextLine>

          
          
          <TextLine ID="b3425d98-7d78-454b-ab10-eb7201156c1e"
                    TAGREFS="LT6926"
                    BASELINE="1596 6682 6201 6702" 
                    HPOS="1582"
                    VPOS="6577"
                    WIDTH="4613"
                    HEIGHT="181">
            <Shape><Polygon POINTS="1590 6679 1582 6718 6180 6758 6195 6695 6188 6593 1590 6577 1590 6679"/></Shape>
	    <String CONTENT="Le Conseil délibérant à huis clos, le Président a posé les questions, conformément à l&#x27;article 132 du Code de justice"
                    HPOS="1582"
                    VPOS="6577"
                    WIDTH="4613"
                    HEIGHT="181"></String>
          </TextLine>

          
          
          <TextLine ID="0c27145b-26e5-406c-bbea-686e17151e3e"
                    TAGREFS="LT6926"
                    BASELINE="1516 6806 6159 6813" 
                    HPOS="1503"
                    VPOS="6687"
                    WIDTH="4653"
                    HEIGHT="219">
            <Shape><Polygon POINTS="1511 6804 1503 6867 3242 6906 3250 6906 4488 6867 4558 6867 4590 6867 5083 6906 5091 6906 5099 6906 5107 6906 5161 6867 5569 6867 5577 6867 5827 6906 5835 6906 6148 6859 6156 6812 6148 6711 1511 6687 1511 6804"/></Shape>
	    <String CONTENT="militaire, ainsi qu&#x27;il suit: 1^e question: Le cavalier de La Forest Divonne Ludovic Joseph"
                    HPOS="1503"
                    VPOS="6687"
                    WIDTH="4653"
                    HEIGHT="219"></String>
          </TextLine>

          
          
          <TextLine ID="844c8515-ca1b-42d7-a5d4-0d43cc5e7a66"
                    TAGREFS="LT6926"
                    BASELINE="1451 6981 6205 6984" 
                    HPOS="1449"
                    VPOS="6836"
                    WIDTH="4754"
                    HEIGHT="219">
            <Shape><Polygon POINTS="1449 6977 1449 7039 6195 7055 6203 6977 6195 6836 1449 6851 1449 6977"/></Shape>
	    <String CONTENT="du 6^e Régiment de Dragons, détaché comme cycliste à l&#x27;Etat-Major de la X^e Armée"
                    HPOS="1449"
                    VPOS="6836"
                    WIDTH="4754"
                    HEIGHT="219"></String>
          </TextLine>

          
          
          <TextLine ID="9555dd24-7d35-41b9-ade4-4046ce61719b"
                    TAGREFS="LT6926"
                    BASELINE="1451 7172 6151 7130" 
                    HPOS="1441"
                    VPOS="6992"
                    WIDTH="4707"
                    HEIGHT="228">
            <Shape><Polygon POINTS="1449 7165 1449 7220 6141 7212 6148 7126 6125 6992 1441 7047 1449 7165"/></Shape>
	    <String CONTENT="est-il coupable d&#x27;avoir, le 30 octobre 1914, vers vingt heures, à Saint-Pol,"
                    HPOS="1441"
                    VPOS="6992"
                    WIDTH="4707"
                    HEIGHT="228"></String>
          </TextLine>

          
          
          <TextLine ID="21166731-c438-4130-8682-e2c3198d08b4"
                    TAGREFS="LT6926"
                    BASELINE="1435 7336 6052 7318" 
                    HPOS="1383"
                    VPOS="7183"
                    WIDTH="4674"
                    HEIGHT="214">
            <Shape><Polygon POINTS="1389 7381 2182 7371 2621 7397 2626 7397 2898 7376 3441 7381 3446 7381 3561 7387 3566 7387 3571 7387 4939 7381 4945 7381 4950 7381 6057 7360 6057 7277 6041 7183 3472 7193 3467 7193 3462 7193 2433 7204 2428 7204 2151 7235 1383 7209 1389 7308"/></Shape>
	    <String CONTENT="volé une somme de quarante-cinq francs environ, au préjudice de Madame Agard"
                    HPOS="1383"
                    VPOS="7183"
                    WIDTH="4674"
                    HEIGHT="214"></String>
          </TextLine>

          
          
          <TextLine ID="25b26d64-4c55-4311-83f0-96a7fa78532c"
                    TAGREFS="LT6926"
                    BASELINE="1454 7507 6155 7480" 
                    HPOS="1441"
                    VPOS="7329"
                    WIDTH="4707"
                    HEIGHT="274">
            <Shape><Polygon POINTS="1449 7501 1449 7564 2937 7603 2945 7603 3180 7556 3211 7556 3352 7556 4355 7595 4362 7595 4370 7595 4378 7595 4378 7588 4417 7556 4425 7556 5451 7588 5459 7588 5467 7588 5561 7548 5569 7548 6141 7548 6148 7478 6125 7353 5365 7368 5279 7360 5075 7329 5067 7329 5060 7329 4989 7360 4973 7376 4323 7376 4315 7368 4284 7345 4284 7337 4276 7337 4268 7337 3587 7337 3579 7337 2216 7384 2146 7345 2138 7345 2130 7345 1480 7345 1472 7345 1464 7345 1456 7345 1456 7353 1449 7353 1441 7353 1449 7501"/></Shape>
	    <String CONTENT="Madeleine, épouse Vergnaud, locataire d&#x27;une chambre à l&#x27;Hôtel de France?"
                    HPOS="1441"
                    VPOS="7329"
                    WIDTH="4707"
                    HEIGHT="274"></String>
          </TextLine>

          
          
          <TextLine ID="ad56728e-81d7-4147-89bc-00c6bbc99e99"
                    TAGREFS="LT6926"
                    BASELINE="2456 7699 5892 7673 6233 7636" 
                    HPOS="2443"
                    VPOS="7494"
                    WIDTH="3784"
                    HEIGHT="289">
            <Shape><Polygon POINTS="2451 7697 2451 7783 3211 7776 3219 7776 3227 7776 3281 7736 6219 7736 6227 7635 6203 7494 5592 7556 5185 7556 5130 7501 5122 7501 5114 7501 5107 7501 5091 7501 4801 7556 4323 7509 4284 7509 4276 7509 4253 7509 3947 7564 3838 7517 3830 7517 3822 7517 3814 7517 3806 7517 3728 7564 3548 7517 3540 7517 3532 7517 3524 7517 3477 7517 2906 7572 2443 7533 2451 7697"/></Shape>
	    <String CONTENT="2^e question: Ledit vol a-t-il été commis dans une maison habitée"
                    HPOS="2443"
                    VPOS="7494"
                    WIDTH="3784"
                    HEIGHT="289"></String>
          </TextLine>

          
          
          <TextLine ID="96ed1302-17c6-4ca5-921a-f06089e1447d"
                    TAGREFS="LT6926"
                    BASELINE="2459 7861 6057 7854" 
                    HPOS="2427"
                    VPOS="7721"
                    WIDTH="3741"
                    HEIGHT="214">
            <Shape><Polygon POINTS="2432 7880 3096 7935 3101 7935 3185 7898 3728 7930 3733 7930 3738 7930 3744 7930 3806 7888 4663 7888 4720 7914 4725 7914 4731 7914 4913 7888 5013 7914 5018 7914 5023 7914 5028 7914 5122 7883 5232 7919 5237 7919 5242 7924 5383 7924 5383 7919 5389 7919 5394 7919 5441 7883 5514 7919 5519 7919 5524 7919 6098 7879 6168 7771 5859 7721 2825 7721 2819 7721 2569 7747 2427 7774"/></Shape>
	    <String CONTENT="3^e question: Ledit vol a t-il été commis avec effraction?"
                    HPOS="2427"
                    VPOS="7721"
                    WIDTH="3741"
                    HEIGHT="214"></String>
          </TextLine>

          
          
          <TextLine ID="61753351-1540-4cc2-a335-5d2fc714e1e5"
                    TAGREFS="LT6926"
                    BASELINE="1579 7926 2472 7939" 
                    HPOS="1524"
                    VPOS="7857"
                    WIDTH="989"
                    HEIGHT="104">
            <Shape><Polygon POINTS="1538 7857 1524 7961 2513 7952 2504 7866"/></Shape>
	    <String CONTENT="(1) Et à décharge (s&#x27;il y en a)."
                    HPOS="1524"
                    VPOS="7857"
                    WIDTH="989"
                    HEIGHT="104"></String>
          </TextLine>

          
        </TextBlock>
        
        <TextBlock HPOS="1425.0"
                   VPOS="7932.0"
                   WIDTH="4874.0"
                   HEIGHT="919.0"
                   ID="93c6d5bc-94dd-4cfb-b8f5-ef92ec8f4d56"
                   TAGREFS="BT21627">
          <Shape><Polygon POINTS="1425 7932 6299 7932 6299 8851 1425 8851 1425 7932"/></Shape>
          
          
          <TextLine ID="71fed8bf-065c-4c94-a48f-0dd75f0aca95"
                    TAGREFS="LT6926"
                    BASELINE="1584 8021 6161 8045" 
                    HPOS="1574"
                    VPOS="7932"
                    WIDTH="4582"
                    HEIGHT="157">
            <Shape><Polygon POINTS="6125 7932 6047 7932 5968 7932 5890 7932 5812 7932 5733 7932 5655 7932 5577 7932 5498 7932 5420 7932 5342 7932 5263 7932 5185 7932 5107 7932 5028 7932 4950 7932 4872 7932 4793 7932 4715 7932 4637 7932 4558 7932 4480 7932 4402 7932 4323 7932 4245 7932 4167 7932 4088 7932 4010 7932 3932 7932 3853 7932 3775 7932 3697 7932 3618 7932 3540 7932 3462 7932 3383 7932 3305 7932 3227 7932 3148 7932 3070 7932 2992 7932 2913 7932 2835 7932 2757 7932 2678 7932 2600 7932 2522 7932 2443 7932 2365 7932 2287 7932 2208 7932 2130 7932 2052 7932 1973 7932 1895 7932 1817 7932 1738 7932 1660 7932 1582 7932 1582 8018 1574 8073 6141 8089 6156 8042 6148 7932 6125 7932"/></Shape>
	    <String CONTENT="(2) Indiquer si des témoins ont été entendus sans prestation de serment, et pour quel motif ; dire que les pièces de conviction, s&#x27;il y en a, ont été représentées."
                    HPOS="1574"
                    VPOS="7932"
                    WIDTH="4582"
                    HEIGHT="157"></String>
          </TextLine>

          
          
          <TextLine ID="5c7293c2-16af-42a0-ac9e-e24bbab3e5fc"
                    TAGREFS="LT6926"
                    BASELINE="1495 8104 5959 8160 6205 8145" 
                    HPOS="1456"
                    VPOS="8045"
                    WIDTH="4744"
                    HEIGHT="161">
            <Shape><Polygon POINTS="1473 8045 1464 8073 1456 8136 6156 8206 6200 8154 6164 8082"/></Shape>
	    <String CONTENT="Indiquer, en outre, ses incidents qui ont pu ce produire, en ayant soin de préciser à quel moment du débat ils ont en lieu, ses conclusions des parties, les"
                    HPOS="1456"
                    VPOS="8045"
                    WIDTH="4744"
                    HEIGHT="161"></String>
          </TextLine>

          
          
          <TextLine ID="ea7a98b5-bfaf-4025-b086-2f18b710d3d8"
                    TAGREFS="LT6926"
                    BASELINE="1492 8212 6172 8243" 
                    HPOS="1472"
                    VPOS="8152"
                    WIDTH="4692"
                    HEIGHT="140">
            <Shape><Polygon POINTS="6023 8159 5945 8159 5866 8159 5788 8159 1480 8152 1472 8253 6148 8292 6164 8238 6156 8159 6101 8159"/></Shape>
	    <String CONTENT="réquisitions du ministère public, les moyens de deiense présentés par l&#x27;accusé, et enfin le jugement motivé du Conseil. Dans le cas où le blanc laisse ici ne suf-"
                    HPOS="1472"
                    VPOS="8152"
                    WIDTH="4692"
                    HEIGHT="140"></String>
          </TextLine>

          
          
          <TextLine ID="6a26358c-3808-4b26-8101-dea539367a85"
                    TAGREFS="LT6926"
                    BASELINE="1490 8297 6019 8340 6019 8340 6172 8333" 
                    HPOS="1480"
                    VPOS="8214"
                    WIDTH="4684"
                    HEIGHT="172">
            <Shape><Polygon POINTS="6109 8238 6031 8238 5953 8238 5874 8238 5796 8238 5718 8238 5639 8238 5561 8238 5483 8238 5404 8238 5326 8238 5248 8238 5169 8238 5091 8238 5013 8238 4934 8230 4856 8230 4778 8230 4699 8230 4621 8230 4543 8230 4464 8230 4386 8230 4308 8230 4229 8230 4151 8230 4073 8230 3994 8230 3916 8230 3838 8230 3759 8222 3681 8222 3603 8222 3524 8222 3446 8222 3368 8222 3289 8222 3211 8222 3133 8222 3054 8222 2976 8222 2898 8222 2819 8222 2741 8222 2663 8222 2584 8214 2506 8214 2428 8214 2349 8214 2271 8214 2193 8214 2114 8214 2036 8214 1958 8214 1879 8214 1801 8214 1723 8214 1644 8214 1566 8214 1488 8214 1488 8292 1480 8347 6148 8386 6164 8332 6148 8238 6109 8238"/></Shape>
	    <String CONTENT="firait pas pour insérer toutes ces mentions, on devra indiquer l&#x27;incident et le moment du débat il s&#x27;est produit, en ajoutant qu&#x27;il y a été statué par jugement"
                    HPOS="1480"
                    VPOS="8214"
                    WIDTH="4684"
                    HEIGHT="172"></String>
          </TextLine>

          
          
          <TextLine ID="637899ee-8b5d-4474-9a18-b29c0680717b"
                    TAGREFS="LT6926"
                    BASELINE="1486 8396 6042 8439 6173 8427" 
                    HPOS="1472"
                    VPOS="8292"
                    WIDTH="4700"
                    HEIGHT="188">
            <Shape><Polygon POINTS="6101 8332 6023 8332 5945 8332 5866 8332 5788 8332 5710 8332 5631 8332 5553 8332 5475 8332 5396 8332 5318 8332 5240 8332 5161 8324 5083 8324 5005 8324 4926 8324 4848 8324 4770 8324 4691 8324 4613 8324 4535 8324 4456 8324 4378 8324 4300 8324 4221 8316 4143 8316 4065 8316 3986 8316 3908 8316 3830 8316 3751 8316 3673 8316 3595 8316 3516 8316 3438 8316 3360 8316 3281 8308 3203 8308 3125 8308 3047 8308 2968 8308 2890 8308 2812 8308 2733 8308 2655 8308 2577 8308 2498 8308 2420 8300 2342 8300 2263 8300 2185 8300 2107 8300 2028 8300 1950 8300 1872 8300 1793 8300 1715 8300 1637 8300 1558 8300 1480 8292 1480 8394 1472 8457 6156 8480 6172 8425 6156 8324 6101 8316 6101 8332"/></Shape>
	    <String CONTENT="séparé, lequel est joint et annexé au présent, et alors le jugement séparé doit indiquer la publicité de l&#x27;audience, se terminer par la même formule et être signé"
                    HPOS="1472"
                    VPOS="8292"
                    WIDTH="4700"
                    HEIGHT="188"></String>
          </TextLine>

          
          
          <TextLine ID="e71f27bd-c829-46be-97b3-2ccbf1c775e0"
                    TAGREFS="LT6926"
                    BASELINE="1490 8494 6046 8538 6172 8539" 
                    HPOS="1480"
                    VPOS="8402"
                    WIDTH="4684"
                    HEIGHT="204">
            <Shape><Polygon POINTS="6109 8425 6031 8425 5953 8425 5874 8425 5796 8425 5718 8425 5639 8425 5561 8425 5483 8425 5404 8425 5326 8425 5248 8425 5169 8425 5091 8425 5013 8425 4934 8418 4856 8418 4778 8418 4699 8418 4621 8418 4543 8418 4464 8418 4386 8418 4308 8418 4229 8418 4151 8418 4073 8418 3994 8418 3916 8418 3838 8418 3759 8410 3681 8410 3603 8410 3524 8410 3446 8410 3368 8410 3289 8410 3211 8410 3133 8410 3054 8410 2976 8410 2898 8410 2819 8410 2741 8410 2663 8410 2584 8402 2506 8402 2428 8402 2349 8402 2271 8402 2193 8402 2114 8402 2036 8402 1958 8402 1879 8402 1801 8402 1723 8402 1644 8402 1566 8402 1488 8402 1488 8488 1480 8543 6148 8606 6164 8535 6156 8425 6109 8425"/></Shape>
	    <String CONTENT="de la même manière que le jugement principal, en mentionnant qu&#x27;il y sera annexé comme en taisant partie. En cas de suspension d&#x27;audience et de remise au"
                    HPOS="1480"
                    VPOS="8402"
                    WIDTH="4684"
                    HEIGHT="204"></String>
          </TextLine>

          
          
          <TextLine ID="299ed1e8-880d-4024-883a-26c588fde7e6"
                    TAGREFS="LT6926"
                    BASELINE="1495 8588 4482 8618" 
                    HPOS="1480"
                    VPOS="8496"
                    WIDTH="3000"
                    HEIGHT="164">
            <Shape><Polygon POINTS="4464 8519 4386 8519 4308 8519 4229 8519 4151 8519 4073 8519 3994 8519 3916 8519 3838 8519 3759 8512 3681 8512 3603 8512 3524 8512 3446 8512 3368 8512 3289 8512 3211 8512 3133 8512 3054 8512 2976 8504 2898 8504 2819 8504 2741 8504 2663 8504 2584 8504 2506 8504 2428 8504 2349 8504 2271 8504 2193 8496 2114 8496 2036 8496 1958 8496 1879 8496 1801 8496 1723 8496 1644 8496 1566 8496 1488 8496 1488 8582 1480 8637 4464 8660 4480 8613 4472 8519 4464 8519"/></Shape>
	    <String CONTENT="lendemain, la mention qui constate cette remise est signée par le Président et le Greffier seulement."
                    HPOS="1480"
                    VPOS="8496"
                    WIDTH="3000"
                    HEIGHT="164"></String>
          </TextLine>

          
          
          <TextLine ID="e3db8355-17ce-43a4-aef2-add77bc5e770"
                    TAGREFS="LT6926"
                    BASELINE="1577 8683 5639 8715" 
                    HPOS="1527"
                    VPOS="8616"
                    WIDTH="4115"
                    HEIGHT="170">
            <Shape><Polygon POINTS="1544 8616 1527 8707 5616 8786 5631 8707 5642 8638"/></Shape>
	    <String CONTENT="(3) Indiquer si les réquisitions tendent à la déclaration de culpabilité et, dans ce cas, les articles de loi dont l&#x27;application est demandée."
                    HPOS="1527"
                    VPOS="8616"
                    WIDTH="4115"
                    HEIGHT="170"></String>
          </TextLine>

          
          
          <TextLine ID="ec093863-00f2-447b-92c8-ee4587f67a81"
                    TAGREFS="LT6926"
                    BASELINE="1572 8779 5024 8821" 
                    HPOS="1535"
                    VPOS="8716"
                    WIDTH="3533"
                    HEIGHT="182">
            <Shape><Polygon POINTS="1535 8716 1541 8832 4425 8864 5029 8898 5068 8749"/></Shape>
	    <String CONTENT="(4) S&#x27;il y a une chambre des délibérations, on mettra que le Tribunal s&#x27;est retiré dans la chambre des délibérations."
                    HPOS="1535"
                    VPOS="8716"
                    WIDTH="3533"
                    HEIGHT="182"></String>
          </TextLine>

          
        </TextBlock>
        

        
        <TextBlock ID="eSc_dummyblock_">
          
          
          <TextLine ID="c8951b2a-007a-46dc-aea2-e4b74254e5f3"
                    TAGREFS="LT6926"
                    BASELINE="1865 8933 4181 8953" 
                    HPOS="1770"
                    VPOS="8845"
                    WIDTH="2404"
                    HEIGHT="142">
            <Shape><Polygon POINTS="1785 8958 4173 8987 4174 8966 4167 8862 1784 8845 1770 8881"/></Shape>
	    <String CONTENT="Conseil de guerre. - N^o 967 de la Nomenclature générale. - Formule n^o 16."
                    HPOS="1770"
                    VPOS="8845"
                    WIDTH="2404"
                    HEIGHT="142"></String>
          </TextLine>

          
        </TextBlock>
        
      </PrintSpace>
    </Page>
  </Layout>
</alto>
