6447 9397
1660 391 4763 227 Enjoint au Commissaire du Gouvernement de faire donner immédiatement en sa présence lecture du présent jugement a l'acquité

2428 548 1527 172 devant la garde rassemblée sous les armes,

1566 649 4708 181 de avertir que la loi accorde un délai de trois jours francs pour se pourvoir en cassation (1), ou de vingt-quatre heures

1566 767 1136 196 pour se pourvoir en revision (2).

1652 955 3948 243 Fait, clos et jugé sans désemparer, en séance publique, à Hesdin, les jour, mois et an que dessus.

1652 1205 4622 220 En conséquence, LE PRÉSIDENT DE LA RÉPUBLIQUE MANDE et ORDONNE à tous huissiers sur ce requis de mettre ledit jugement à

1558 1354 4716 180 exécution; aux Procureurs généraux et aux Procureurs de la République près les tribunaux de première instance d'y tenir la

1543 1480 4238 187 main; à tous commandants et officiers de la force publique de prêter main-forte lorsqu'ils en seront légalement requis.

1645 1628 3313 235 En foi de quoi le présent jugement a été signé par les Membres du Conseil et par le Greffier.

2209.0 2090.0 987.0 478.0 +

3368.0 2302.0 634.0 477.0 +

4927 2341 987 509 +

1652 2850 4708 180 L'an mil neuf cent quinze le Vingt Neuf Janvier le présent jugement a été lu par nous, Greffier soussigné, au soldat Salomé

1081 2873 1198 251 Henri Fidèle Joseph

3258 2944 2969 180 averti par le Commissaire du Gouvernement que l'article 44 de la loi du 17 avril

1582 3054 4238 180 1906 accorde trois jours pour se pourvoir en cassation (1), ou que les articles 141 et 143 du Code de justice militaire

1558 3179 4489 188 accordent vingt-quatre heures pour se pourvoir en revision (2), lesquels commencent à courir de l'expiration du présent jour.

6102 3155 156 196 Cette

1535 3281 2264 242 lecture faite en présence de la garde rassemblée sous les armes.

2608 3484 1206 188 Le Commissaire du Gouvernement,

2726 3633 1175 305 +

4927 3484 407 188 Le Greffier,

4895.0 3664.0 870.0 556.0 +

3431 4228 979 219 EXÉCUTOIRE.

1652 4502 4489 462 Vu la procédure instruite contre le soldat Salome Henri Fidèle Joseph

1543 4862 1386 173 et les frais d'icelle dont le détail suit:

1934 4941 3431 282 1^o Coût du transport des pièces et objets pouvant servie à conviction ou à décharge................. ......

1934 5160 3431 164 2^o Honoraires des officiers de santé, médecins, chirurgiens civils, sages-femmes, experts, interprètes, traducteurs et

2060 5246 3298 165 autres, appelés en justice.................................................................

1927 5340 3438 172 3^o Indemnités accordées aux témoins civils et militaires..............................................

1927 5450 3431 141 4^o Frais de garde de scellés et ceux de mise en fourrière.............................................

1911 5528 3447 157 5^o Indemnités de route, de transport et de séjour, accordées aux membres des tribunaux militaires pour les dépla-

2083 5630 3282 180 cements auxquels l'instruction des procédures peut donner lieu, ainsi que toutes autres dépenses nécessitées

2068 5740 3290 140 de ce chef..............................................................................

1927 5763 3446 227 6^o Port des lettres et paquets pour l'instruction, sauf le port des lettres résultant de l'application de la loi du

2060 5935 3313 133 15 juin 1899............................................................................

1911 6006 3447 172 7^o Frais l'impression des arrêts, jugements et ordonnances de justice, quand il y a lieu..................

1911 6115 3462 149 8^o Prime de capture des contumax, des déserteurs et des insoumis......................................

1903 6217 3470 149 9^o Frais résultant de l'obtention des extraits du casier judiciaire.........................................

1887 6303 3471 157 10^o Prix du bulletin n^o 1 et du duplicata dudit (décret du 12 décembre 1899, art. 13).....................

1911 6397 3462 157 11^o Coût des bulletins n^o 1 et du duplicata de ces bulletins établis par les greffiers des conseils de guerre au sujet

2091 6515 3259 133 des condamnations prononcées par ces conseils (décret du 12 décembre 1899, art. 13)....................

1887 6562 3737 203 12^o Frais de procédure ou coût du jugement........................................................ 12^f 00

1880 6687 3478 172 13^o Amende.........................................................................................

1880 6789 3493 164 14^o Décimes additionnels (en France)...............................................................

1887 6883 3471 164 15^o Frais fixes de procédure devant la Cour de cassation ou le Conseil de revision...........................

1887 6977 3463 180 16^o Frais fixes de procédure devant le Conseil de guerre jugeant en 2^e instance.............................

3125 7133 2248 212 TOTAL..................................................

1645 7360 4598 243 Vu le dispositif du jugement définitif, l'article 139 du Code de justice militaire, le Président du Conseil de guerre

1558 7541 3447 180 permanent de la liquide les frais dont l'état est ci-dessus à la somme de

3297 7650 2954 173 du montant de laquelle il délivre le présent exécutoire, pour le recouvrement de

1551 7752 4559 196 ladite somme être poursuivi sur les biens présents et a venir d condamné, par les percepteurs des Contributions directes.

1637 7877 4606 180 En conséquence, LE PRÉSIDENT DE LA RÉPUBLIQUE MANDE ET ORDONNE a tous huissiers sur ce requis de mettre ledit jugement à

1551 8003 4692 195 exécution; aux Procureurs généraux et aux Procureurs de la République près les tribunaux de première instance d'y tenir la

1551 8112 4222 212 main; à tous commandants et officiers de la force publique de prêter main-forte lorsqu'ils en seront légalement requis.

1652 8214 4379 329 Fait en la Chambre du Conseil de guerre susdit, à Hesdin (P.d.C.), le 29 Janvier 1915

1621 8692 1246 133 (1) En France, en Algérie et en Tunisie.

1637 8770 963 157 (2) Aux colonies et aux armées.

4590 8496 454 149 Le Président,

4472 8613 799 470 +
