6496 9397
1763 360 4497 242 Enjoint au Commissaire du Gouvernement de faire donner immédiatement en sa présence lecture du présent jugement aux

1700 516 2359 188 condamnés _ devant la garde rassemblée sous les armes,

1676 626 4678 211 de avertir que la loi accorde un délai de trois jours francs pour se pourvoir en cassation (1), ou de vingt-quatre heures

1661 743 1128 212 pour se pourvoir en revision (2).

1747 931 3965 259 Fait, clos et jugé sans désemparer, en séance publique, à Hesdin, les jour, mois et an que dessus.

1645 1346 4709 165 exécution; aux Procureurs généraux et aux Procureurs de la République près les tribunaux de première instance d'y tenir la

1747 1198 4623 195 En conséquence, LE PRÉSIDENT DE LA RÉPUBLIQUE MANDE et ORDONNE à tous huissiers sur ce requis de mettre ledit jugement à

1637 1448 4239 212 main; à tous commandants et officiers de la force publique de prêter main-forte lorsqu'ils en seront légalement requis.

1739 1566 3323 321 En foi de quoi le présent jugement a été signé par les Membres du Conseil et par le Greffier,

5516 2231 901 400 +

1794 2075 956 563 +

2053 2458 446 384 +

3729 2435 682 368 +

1747 2826 4521 173 L'an mil neuf cent quinze le dix-sept février le présent jugement a été lu par nous, Greffier soussigné, aux condamnés

3330 2913 3009 180 averti par le Commissaire du Gouvernement que l'article 44 de la loi du 17 avril

1653 3022 4255 180 1906 accorde trois jours pour se pourvoir en cassation (1), ou que les articles 141 et 143 du Code de justice militaire

1629 3155 4490 212 accordent vingt-quatre heures pour se pourvoir en revision (2), lesquels commencent à courir de l'expiration du présent jour.

6182 3155 165 188 Cette

1629 3257 2249 188 lecture faite en présence de la garde rassemblée sous les armes.

2664 3422 1230 219 Le Commissaire du Gouvernement,

2726 3578 917 290 +

4991 3422 407 211 Le Greffier,

4952 3555 525 517 +

3471 4205 1003 203 EXÉCUTOIRE.

1700 4541 4725 384 Vu la procédure instruite contre les sieurs Lagache oscar Daniel Raoul

1622 4823 1379 196 et les frais d'icelle dont le détail suit:

3439 4808 1583 282 et Josse Jean

1998 4949 3424 250 1^o Coût du transport des pièces et objets pouvant servie à conviction ou à décharge................. ......

1998 5137 3447 148 2^o Honoraires des officiers de santé, médecins, chirurgiens civils, sages-femmes, experts, interprètes, traducteurs et

2147 5230 3298 157 autres, appelés en justice.................................................................

1990 5301 3440 196 3^o Indemnités accordées aux témoins civils et militaires..............................................

1982 5411 3448 180 4^o Frais de garde de scellés et ceux de mise en fourrière.............................................

1974 5512 3440 165 5^o Indemnités de route, de transport et de séjour, accordées aux membres des tribunaux militaires pour les dépla-

2139 5606 3306 180 cements auxquels l'instruction des procédures peut donner lieu, ainsi que toutes autres dépenses nécessitées

2123 5685 3315 195 de ce chef..............................................................................

1998 5771 3455 211 6^o Port des lettres et paquets pour l'instruction, sauf le port des lettres résultant de l'application de la loi du

2131 5896 3291 165 15 juin 1899............................................................................

1982 5990 3448 165 7^o Frais l'impression des arrêts, jugements et ordonnances de justice, quand il y a lieu..................

1982 6100 3440 172 8^o Prime de capture des contumax, des déserteurs et des insoumis......................................

1982 6186 3910 196 9^o Frais résultant de l'obtention des extraits du casier judiciaire......................................... 0.50

1951 6272 3753 196 10^o Prix du bulletin n^o 1 et du duplicata dudit (décret du 12 décembre 1899, art. 13)..................... 4

1951 6382 3440 156 11^o Coût des bulletins n^o 1 et du duplicata de ces bulletins établis par les greffiers des conseils de guerre au sujet

2147 6476 3620 188 des condamnations prononcées par ces conseils (décret du 12 décembre 1899, art. 13).................... 0.80

3204 7126 2547 281 TOTAL.................................................. 151.50

1629 7501 4686 196 permanent de la X^e Armée liquide les frais dont l'état est ci-dessous à la somme de Cent cinquante et un

1700 8206 3988 290 Fait en la Chambre du Conseil de guerre susdit, à Hesdin (P-d-C), le 17 Novembre 1915

1943 6570 3769 172 12^o Frais de procédure ou coût du jugement........................................................ 24.00

1958 6664 3832 180 13^o Amende......................................................................................... 101.00

1958 6758 3832 195 14^o Décimes additionnels (en France)............................................................... 25.25

1935 6844 3495 188 15^o Frais fixes de procédure devant la Cour de cassation ou le Conseil de revision...........................

1958 6953 3699 220 16^o Frais fixes de procédure devant le Conseil de guerre jugeant en 2^e instance............................. 4

1065 6617 572 148 + dont la

1050 6679 799 219 part afférente

1065 6851 815 173 à Lagache est

1097 6953 775 251 de: 68.90

1050 7110 744 266 et à: 82.65

1065 7274 259 188 Josse

1402 7392 306 305 151.55

1723 7321 4561 306 Vu le dispositif du jugement définitif, l'article 139 du Code de justice militaire, le Président du _ Conseil de guerre

1567 7619 4717 243 cinquante-cinq centimes + du montant de laquelle il délivre le présent exécutoire, pour le recouvrement de

1622 7729 4529 227 ladite somme être poursuivi sur les biens présents et à venir des condamnés, par les percepteurs des contributions directes.

1692 7862 4592 203 En conséquence, LE PRÉSIDENT DE LA RÉPUBLIQUE MANDE ET ORDONNE a tous huissiers sur ce requis de mettre ledit jugement à

1614 7971 4662 212 exécution; aux Procureurs généraux et aux Procureurs de la République près les tribunaux de première instance d'y tenir la

1606 8081 4223 219 main; à tous commandants et officiers de la force publique de prêter main-forte lorsqu'ils en seront légalement requis.

1097 8269 2805 258 Le présent jugement a été mis à exécution le

1065 8425 2664 251 dix. sept février mail neuf cent quinze

1010 8559 2939 235 pour compter du quinze février mil neuf cent quinze

1684 8692 1207 109 (1) En France, en Algérie et en Tunisie.

1692 8754 917 173 (2) Aux colonies et aux armées.

2625 8762 556 219 Le Greffier

4631 8504 485 141 Le Président,

4552 8519 995 509 +
