<?xml version='1.0' encoding='UTF-8'?>
<alto xmlns:xsi="http://www.w3.org/2001/XMLSchema-instance" xmlns="http://www.loc.gov/standards/alto/ns-v4#" xsi:schemaLocation="http://www.loc.gov/standards/alto/ns-v4# http://www.loc.gov/standards/alto/v4/alto-4-2.xsd">
  <Description>
    <MeasurementUnit>pixel</MeasurementUnit>
    <sourceImageInformation>
      <fileName>11_J_184_0152.jpg</fileName>
      
    </sourceImageInformation>
  </Description>
  
  <Tags>
    <OtherTag ID="BT16575" LABEL="MarginTextZone" DESCRIPTION="block type MarginTextZone"/><OtherTag ID="BT16576" LABEL="DamageZone" DESCRIPTION="block type DamageZone"/><OtherTag ID="BT16577" LABEL="DigitizationArtefactZone" DESCRIPTION="block type DigitizationArtefactZone"/><OtherTag ID="BT16578" LABEL="DropCapitalZone" DESCRIPTION="block type DropCapitalZone"/><OtherTag ID="BT16579" LABEL="GraphicZone" DESCRIPTION="block type GraphicZone"/><OtherTag ID="BT16580" LABEL="MusicZone" DESCRIPTION="block type MusicZone"/><OtherTag ID="BT16581" LABEL="NumberingZone" DESCRIPTION="block type NumberingZone"/><OtherTag ID="BT16582" LABEL="QuireMarksZone" DESCRIPTION="block type QuireMarksZone"/><OtherTag ID="BT16583" LABEL="RunningTitleZone" DESCRIPTION="block type RunningTitleZone"/><OtherTag ID="BT16584" LABEL="SealZone" DESCRIPTION="block type SealZone"/><OtherTag ID="BT16585" LABEL="StampZone" DESCRIPTION="block type StampZone"/><OtherTag ID="BT16586" LABEL="TableZone" DESCRIPTION="block type TableZone"/><OtherTag ID="BT16587" LABEL="TitlePageZone" DESCRIPTION="block type TitlePageZone"/><OtherTag ID="BT19261" LABEL="MainZone" DESCRIPTION="block type MainZone"/><OtherTag ID="BT21623" LABEL="MainZone-judgementNumber" DESCRIPTION="block type MainZone-judgementNumber"/><OtherTag ID="BT21624" LABEL="MainZone-judgementPlace" DESCRIPTION="block type MainZone-judgementPlace"/><OtherTag ID="BT21625" LABEL="MainZone-orderNumber" DESCRIPTION="block type MainZone-orderNumber"/><OtherTag ID="BT21626" LABEL="MainZone-crimeDate" DESCRIPTION="block type MainZone-crimeDate"/><OtherTag ID="BT21627" LABEL="MarginTextZone-note" DESCRIPTION="block type MarginTextZone-note"/><OtherTag ID="BT21628" LABEL="QuireMarksZone-signature" DESCRIPTION="block type QuireMarksZone-signature"/><OtherTag ID="BT21629" LABEL="CustomZone-signature" DESCRIPTION="block type CustomZone-signature"/><OtherTag ID="BT21630" LABEL="MarginTextZone-addition" DESCRIPTION="block type MarginTextZone-addition"/>
    <OtherTag ID="LT6926" LABEL="DefaultLine" DESCRIPTION="line type DefaultLine"/><OtherTag ID="LT6927" LABEL="HeadingLine" DESCRIPTION="line type HeadingLine"/><OtherTag ID="LT6928" LABEL="InterlinearLine" DESCRIPTION="line type InterlinearLine"/><OtherTag ID="LT8439" LABEL="CustomLine:scratched" DESCRIPTION="line type CustomLine:scratched"/><OtherTag ID="LT8440" LABEL="CustomLine:signature" DESCRIPTION="line type CustomLine:signature"/><OtherTag ID="LT8441" LABEL="CustomLine:margin" DESCRIPTION="line type CustomLine:margin"/><OtherTag ID="LT8442" LABEL="default" DESCRIPTION="line type default"/>
  </Tags>
  
  <Layout>
    <Page WIDTH="6471" HEIGHT="9397" PHYSICAL_IMG_NR="117" ID="eSc_dummypage_">
      <PrintSpace HPOS="0" VPOS="0" WIDTH="6471" HEIGHT="9397">
        
        <TextBlock HPOS="1179.0" VPOS="328.0" WIDTH="5267.0" HEIGHT="7674.0" ID="textblock_00001" TAGREFS="BT19261">
          <Shape><Polygon POINTS="1179 328 6446 328 6446 8002 1179 8002 1179 328"/></Shape>
          
          
          <TextLine ID="textline_00001" TAGREFS="LT6926" BASELINE="1750 518 6347 521" HPOS="1747" VPOS="375" WIDTH="4598" HEIGHT="212">
            <Shape><Polygon POINTS="1747 516 1747 571 6337 587 6345 516 6337 375 1747 375 1747 516"/></Shape>
	    <String CONTENT="La séance ayant été ouverte, le Président a fait apporter et déposer devant lui, sur le Bureau, un exemplaire du Code de justice" HPOS="1747" VPOS="375" WIDTH="4598" HEIGHT="212" WC="0.9752964377403259"/>
          </TextLine>

          
          
          <TextLine ID="textline_00002" TAGREFS="LT6926" BASELINE="1655 633 6288 628" HPOS="1653" VPOS="532" WIDTH="4629" HEIGHT="164">
            <Shape><Polygon POINTS="1653 626 1653 681 6275 696 6282 626 6282 532 1653 532 1653 626"/></Shape>
	    <String CONTENT="militaire, du Code d'instruction criminelle et du Code pénal ordinaire, et ordonné à la garde d'amener l'accusé, qui a" HPOS="1653" VPOS="532" WIDTH="4629" HEIGHT="164"/>
          </TextLine>

          
          
          <TextLine ID="textline_00003" TAGREFS="LT6926" BASELINE="1627 756 6230 743" HPOS="1613" VPOS="626" WIDTH="4615" HEIGHT="211">
            <Shape><Polygon POINTS="6157 634 6079 634 6000 634 5922 634 5844 634 5765 634 5687 634 5609 634 5530 634 5452 634 5374 634 5295 634 5217 634 5139 634 5060 634 4982 634 4904 634 4825 634 4747 634 4669 634 4590 634 4512 634 4434 634 4355 634 4277 634 4199 634 4120 634 4042 634 3964 634 3885 634 3807 634 3729 634 3650 634 3572 634 3494 634 3415 634 3337 634 3259 634 3180 634 3102 634 3023 634 2945 634 2867 634 2788 634 2710 634 2632 634 2553 634 2475 634 2397 634 2318 634 2240 634 2162 634 2083 634 2005 634 1927 634 1848 634 1770 634 1692 634 1684 626 1613 626 1621 751 1629 837 1770 798 2522 798 2561 830 2561 837 2569 837 2577 837 2585 837 2608 837 3000 798 3384 837 3415 837 3423 837 3431 837 3439 837 3439 830 3478 798 3760 837 3791 837 3799 837 3823 837 4050 790 4340 830 4347 830 4355 830 4449 790 6212 830 6228 736 6212 634 6157 634"/></Shape>
	    <String CONTENT="été introduit, libre et sans fers, devant le Conseil, accompagné de son défenseur M^r le Lieutenant Laporte." HPOS="1613" VPOS="626" WIDTH="4615" HEIGHT="211"/>
          </TextLine>

          
          
          <TextLine ID="textline_00004" TAGREFS="LT6926" BASELINE="1582 910 4919 903" HPOS="1566" VPOS="751" WIDTH="3346" HEIGHT="400">
            <Shape><Polygon POINTS="3454 751 3415 783 3407 783 3384 783 3259 751 3211 751 3164 751 3008 775 2953 783 2875 775 2624 751 2585 751 2506 751 2428 751 2350 751 2287 751 1566 767 1574 908 1574 994 1809 1033 1817 1033 1825 1033 1833 1033 1833 1025 1864 994 1880 978 2154 978 2224 994 2444 1049 2452 1049 2459 1049 2467 1049 2475 1049 2475 1041 2538 994 2546 986 2600 994 2702 1002 2710 1002 2718 1002 2726 1002 2734 994 2781 955 3321 963 3353 986 3556 1143 3564 1143 3572 1143 3580 1151 4191 1151 4191 1143 4199 1143 4206 1143 4371 994 4582 1104 4590 1104 4598 1104 4606 1104 4912 978 4912 900 4896 790 3572 790 3564 783 3517 751 3454 751"/></Shape>
	    <String CONTENT="attaché de 1^re classe à l'Intendance désigné d'office" HPOS="1566" VPOS="751" WIDTH="3346" HEIGHT="400"/>
          </TextLine>

          
          
          <TextLine ID="textline_00005" TAGREFS="LT6926" BASELINE="1727 1488 6329 1477" HPOS="1715" VPOS="1268" WIDTH="4607" HEIGHT="282">
            <Shape><Polygon POINTS="1723 1487 1723 1550 6314 1534 6322 1472 6306 1346 4645 1346 4622 1339 4340 1268 4332 1268 4324 1268 4206 1331 4073 1268 4065 1268 4058 1268 3415 1284 3407 1284 3400 1284 3400 1292 3345 1331 3337 1339 3313 1331 3164 1292 3157 1292 3149 1292 3141 1292 3047 1331 3016 1346 2984 1331 2875 1276 2867 1276 2506 1276 2499 1276 2491 1276 2483 1276 2397 1331 2350 1354 1715 1331 1723 1487"/></Shape>
	    <String CONTENT="Interrogé de ses nom, prénoms, âge, lieu de naissance, état profession et domicile l'accusé" HPOS="1715" VPOS="1268" WIDTH="4607" HEIGHT="282"/>
          </TextLine>

          
          
          <TextLine ID="textline_00006" TAGREFS="LT6926" BASELINE="1749 1623 6308 1625" HPOS="1747" VPOS="1519" WIDTH="4559" HEIGHT="172">
            <Shape><Polygon POINTS="1747 1620 1747 1691 6306 1683 6306 1620 6306 1519 1747 1519 1747 1620"/></Shape>
	    <String CONTENT="a répondu se nomme Papé Georges Henri, âgé de trente huit" HPOS="1747" VPOS="1519" WIDTH="4559" HEIGHT="172"/>
          </TextLine>

          
          
          <TextLine ID="textline_00007" TAGREFS="LT6926" BASELINE="1592 1791 6210 1806" HPOS="1582" VPOS="1628" WIDTH="4622" HEIGHT="251">
            <Shape><Polygon POINTS="5382 1628 5374 1628 5303 1660 5256 1675 5084 1660 4802 1628 4794 1628 4786 1628 4778 1628 4747 1660 4716 1675 4575 1660 4379 1636 4371 1636 4363 1636 4300 1660 4253 1675 4073 1660 3744 1628 3697 1628 3627 1628 3595 1660 3580 1675 3384 1675 3360 1660 3306 1628 3306 1628 3259 1628 3219 1660 3211 1675 2835 1675 2710 1660 2256 1628 2209 1628 2130 1628 2107 1628 2076 1660 2060 1667 1590 1667 1590 1785 1582 1832 6188 1879 6204 1801 6196 1660 5389 1628 5382 1628"/></Shape>
	    <String CONTENT="ans, né à Montmerency (Seine-et-oise) veuf, quatre enfants," HPOS="1582" VPOS="1628" WIDTH="4622" HEIGHT="251"/>
          </TextLine>

          
          
          <TextLine ID="textline_00008" TAGREFS="LT6926" BASELINE="1585 1958 6079 1954" HPOS="1574" VPOS="1793" WIDTH="4497" HEIGHT="250">
            <Shape><Polygon POINTS="1582 1957 1590 2043 1676 2004 6055 2036 6071 1949 6063 1840 5938 1793 5930 1793 5922 1793 5734 1832 1574 1808 1582 1957"/></Shape>
	    <String CONTENT="profession de ciseleur en bronze, domicilié à Paris, Rue des" HPOS="1574" VPOS="1793" WIDTH="4497" HEIGHT="250"/>
          </TextLine>

          
          
          <TextLine ID="textline_00009" TAGREFS="LT6926" BASELINE="1582 2119 4360 2125 6344 2171" HPOS="1566" VPOS="1957" WIDTH="4771" HEIGHT="282">
            <Shape><Polygon POINTS="2358 1957 2326 1957 2295 1989 2138 1957 2123 1957 2068 1957 2005 1989 1574 1989 1574 2114 1566 2192 6322 2239 6337 2169 6337 2028 6259 1989 6251 1989 6243 1989 6055 2028 5327 1989 5319 1989 5311 1989 5303 1989 5264 2020 5217 1981 5209 1981 5201 1981 5194 1981 4966 2020 4951 2020 4912 2020 4324 1973 4316 1973 3870 2004 3830 1973 3830 1965 3823 1965 3815 1965 3807 1965 3290 2004 3235 2004 3227 2004 3180 1957 3172 1957 3164 1957 3157 1957 2976 1996 2898 1957 2890 1957 2882 1957 2875 1957 2867 1957 2867 1965 2828 1996 2828 2004 2483 2004 2475 1996 2389 1957 2358 1957"/></Shape>
	    <String CONTENT="Maronites (XX^e) actuellement soldat au 9^e Régiment Territorial" HPOS="1566" VPOS="1957" WIDTH="4771" HEIGHT="282"/>
          </TextLine>

          
          
          <TextLine ID="textline_00010" TAGREFS="LT6926" BASELINE="1603 2307 2456 2298" HPOS="1590" VPOS="2122" WIDTH="862" HEIGHT="313">
            <Shape><Polygon POINTS="1598 2302 1598 2435 2099 2372 2444 2396 2452 2294 2436 2169 1723 2122 1715 2122 1707 2122 1590 2169 1598 2302"/></Shape>
	    <String CONTENT="d'Infanterie" HPOS="1590" VPOS="2122" WIDTH="862" HEIGHT="313"/>
          </TextLine>

          
          
          <TextLine ID="textline_00011" TAGREFS="LT6926" BASELINE="1699 2982 6316 2980" HPOS="1692" VPOS="2842" WIDTH="4622" HEIGHT="212">
            <Shape><Polygon POINTS="1692 2975 1692 3030 6306 3054 6314 2975 6306 2842 1692 2842 1692 2975"/></Shape>
	    <String CONTENT="Le Président, après avoir fait lire par le greffier de convocation, le rapport prescrit par l'article 108 du Code de justice" HPOS="1692" VPOS="2842" WIDTH="4622" HEIGHT="212"/>
          </TextLine>

          
          
          <TextLine ID="textline_00012" TAGREFS="LT6926" BASELINE="1598 3096 5806 3087 5923 3067 6105 3066" HPOS="1582" VPOS="2983" WIDTH="4520" HEIGHT="149">
            <Shape><Polygon POINTS="6047 2983 5969 2983 5891 2983 5812 2983 5734 2983 5656 2983 5577 2983 5499 2983 5421 2983 5342 2983 5264 2983 5186 2983 5107 2983 5029 2983 4951 2983 4872 2983 4794 2983 4716 2983 4637 2983 4559 2983 4481 2983 4402 2983 4324 2983 4246 2983 4167 2983 4089 2983 4011 2983 3932 2983 3854 2983 3776 2983 3697 2983 3619 2983 3541 2983 3462 2983 3384 2983 3306 2983 3227 2983 3149 2983 3078 2983 1582 2983 1590 3093 1590 3132 6094 3116 6102 3061 6087 2983 6047 2983"/></Shape>
	    <String CONTENT="militaire, et les pièces dont la lecture lui a paru nécessaire, a fait connaître a l'accusé les faits à raison desquels il est" HPOS="1582" VPOS="2983" WIDTH="4520" HEIGHT="149"/>
          </TextLine>

          
          
          <TextLine ID="textline_00013" TAGREFS="LT6926" BASELINE="1598 3207 5619 3196" HPOS="1582" VPOS="3101" WIDTH="4035" HEIGHT="164">
            <Shape><Polygon POINTS="1590 3202 1590 3265 5609 3241 5617 3194 5593 3101 1582 3101 1590 3202"/></Shape>
	    <String CONTENT="poursuivi, et lui a donné, ainsi qu'au défenseur, l'avertissement indiqué en l'article 121 dudit Code;" HPOS="1582" VPOS="3101" WIDTH="4035" HEIGHT="164"/>
          </TextLine>

          
          
          <TextLine ID="textline_00014" TAGREFS="LT6926" BASELINE="1706 3322 3648 3311" HPOS="1692" VPOS="3187" WIDTH="1950" HEIGHT="203">
            <Shape><Polygon POINTS="1700 3320 1700 3390 3635 3367 3642 3304 3619 3187 1692 3210 1700 3320"/></Shape>
	    <String CONTENT="Après quoi, il a procédé à l'interrogatoire de l'accusé" HPOS="1692" VPOS="3187" WIDTH="1950" HEIGHT="203"/>
          </TextLine>

          
          
          <TextLine ID="textline_00015" TAGREFS="LT8439" BASELINE="3745 3317 6307 3313" HPOS="3744" VPOS="3202" WIDTH="2562" HEIGHT="180">
            <Shape><Polygon POINTS="3744 3312 3744 3359 6298 3382 6306 3312 6306 3202 3744 3202 3744 3312"/></Shape>
	    <String CONTENT="et a fait entendre publiquement et séparément les témoins à charge (1)" HPOS="3744" VPOS="3202" WIDTH="2562" HEIGHT="180"/>
          </TextLine>

          
          
          <TextLine ID="textline_00016" TAGREFS="LT8439" BASELINE="2463 3442 6319 3417" HPOS="2452" VPOS="3320" WIDTH="3862" HEIGHT="219">
            <Shape><Polygon POINTS="2459 3437 2459 3500 3008 3500 3023 3500 3070 3539 3078 3539 3086 3539 3094 3539 3298 3500 3321 3500 3345 3500 3525 3539 3533 3539 3736 3500 3799 3492 4253 3492 4277 3500 4324 3531 4332 3531 4340 3531 4347 3539 4880 3539 4880 3531 4888 3531 4982 3500 5029 3484 5076 3500 5162 3523 5170 3523 5178 3523 5186 3523 5241 3500 5280 3484 5374 3500 5538 3523 5546 3523 6306 3492 6314 3414 6290 3320 2452 3335 2459 3437"/></Shape>
	    <String CONTENT="; lesdits témoins ayant au préalable prêté serment de parler sans haine et sans crainte, jure de dire toute la" HPOS="2452" VPOS="3320" WIDTH="3862" HEIGHT="219"/>
          </TextLine>

          
          
          <TextLine ID="textline_00017" TAGREFS="LT8439" BASELINE="1620 3550 2535 3546" HPOS="1605" VPOS="3437" WIDTH="925" HEIGHT="180">
            <Shape><Polygon POINTS="1613 3547 1613 3610 2522 3617 2530 3539 2506 3437 1605 3453 1613 3547"/></Shape>
	    <String CONTENT="vérité et rien que la vérité;" HPOS="1605" VPOS="3437" WIDTH="925" HEIGHT="180"/>
          </TextLine>

          
          
          <TextLine ID="textline_00018" TAGREFS="LT8439" BASELINE="1700 3957 6312 3938" HPOS="1684" VPOS="3774" WIDTH="4622" HEIGHT="282">
            <Shape><Polygon POINTS="1692 3954 1692 4017 3078 4056 3086 4056 3509 4017 3603 4009 4089 4009 4097 4009 4144 4048 4152 4048 4159 4048 4167 4048 6298 4001 6306 3931 6290 3813 5029 3774 5021 3774 1684 3821 1692 3954"/></Shape>
	    <String CONTENT="Et le Président ayant, en outre, rempli à leur égard les formalités proscrites par las articles 317 et 319 du Code d'instruction" HPOS="1684" VPOS="3774" WIDTH="4622" HEIGHT="282"/>
          </TextLine>

          
          
          <TextLine ID="textline_00019" TAGREFS="LT8439" BASELINE="1606 4055 1984 4055" HPOS="1605" VPOS="3954" WIDTH="377" HEIGHT="196">
            <Shape><Polygon POINTS="1919 3954 1841 3954 1762 3954 1605 3954 1605 4048 1605 4126 1974 4150 1982 4048 1982 3954 1919 3954"/></Shape>
	    <String CONTENT="criminelles;" HPOS="1605" VPOS="3954" WIDTH="377" HEIGHT="196"/>
          </TextLine>

          
          
          <TextLine ID="textline_00020" TAGREFS="LT6926" BASELINE="1686 4178 1800 4172" HPOS="1668" VPOS="4056" WIDTH="126" HEIGHT="227">
            <Shape><Polygon POINTS="1747 4056 1715 4056 1668 4056 1684 4173 1684 4283 1794 4283 1794 4166 1770 4056 1747 4056"/></Shape>
	    <String CONTENT="(2)" HPOS="1668" VPOS="4056" WIDTH="126" HEIGHT="227"/>
          </TextLine>

          
          
          <TextLine ID="textline_00021" TAGREFS="LT6926" BASELINE="1667 5008 6220 5027" HPOS="1653" VPOS="4839" WIDTH="4559" HEIGHT="258">
            <Shape><Polygon POINTS="1660 5003 1653 5050 6196 5097 6212 5019 6212 4870 5648 4847 5640 4847 5515 4870 5382 4894 5319 4870 5256 4847 5248 4847 5241 4847 5233 4847 5147 4870 5053 4894 4959 4870 4872 4847 4865 4847 4857 4847 4684 4870 4567 4886 4418 4870 4159 4847 4152 4847 4144 4847 4034 4870 3948 4894 3368 4894 3345 4878 3282 4847 3274 4847 3266 4847 3070 4878 3000 4886 2953 4878 2804 4839 2796 4839 2788 4839 2781 4839 2773 4839 2773 4847 2734 4878 2726 4886 2593 4878 2130 4847 2123 4847 2115 4847 2107 4847 2068 4878 2060 4886 1660 4886 1660 5003"/></Shape>
	    <String CONTENT="Ouï M. le Commissaire du Gouvernement en ses réquisitions tendant à ce que (3) le susnommé soit" HPOS="1653" VPOS="4839" WIDTH="4559" HEIGHT="258"/>
          </TextLine>

          
          
          <TextLine ID="textline_00022" TAGREFS="LT6926" BASELINE="1562 5152 6235 5179" HPOS="1551" VPOS="5011" WIDTH="4677" HEIGHT="235">
            <Shape><Polygon POINTS="4849 5019 4653 5050 4637 5050 4629 5050 4598 5019 4535 5019 4457 5019 4379 5019 4300 5019 4222 5019 4144 5019 4065 5019 3987 5019 3909 5011 3830 5011 3752 5011 3674 5011 3595 5011 3517 5011 3439 5011 3360 5011 3282 5011 3204 5011 3125 5011 3047 5011 2969 5011 2890 5011 2812 5011 2734 5011 2655 5011 2577 5011 2499 5011 2420 5011 2342 5011 2264 5011 2185 5011 2107 5011 2029 5011 1950 5011 1872 5011 1794 5011 1715 5011 1558 5011 1558 5144 1551 5215 6212 5246 6228 5176 6228 5066 6079 5027 6071 5027 6063 5027 5186 5058 5060 5058 5029 5058 4857 5019 4849 5019"/></Shape>
	    <String CONTENT="déclaré coupable d'Abandon de porte sur un territoire" HPOS="1551" VPOS="5011" WIDTH="4677" HEIGHT="235"/>
          </TextLine>

          
          
          <TextLine ID="textline_00023" TAGREFS="LT6926" BASELINE="1561 5299 6147 5325" HPOS="1551" VPOS="5160" WIDTH="4590" HEIGHT="258">
            <Shape><Polygon POINTS="1558 5293 1551 5340 2201 5340 2217 5356 2248 5379 2248 5387 2256 5387 2264 5387 2271 5387 2412 5356 2499 5340 2859 5364 3204 5387 3211 5387 3313 5371 3454 5348 3494 5371 3517 5395 3525 5395 3533 5395 3541 5395 3548 5395 3611 5379 3697 5348 3862 5379 3917 5387 3924 5387 4034 5379 4426 5356 4473 5387 4488 5403 4496 5403 4504 5403 4512 5403 4520 5403 4567 5387 4708 5356 4912 5395 5006 5411 5013 5418 6134 5418 6141 5324 6134 5191 1558 5160 1558 5293"/></Shape>
	    <String CONTENT="en état de guerre et qu'il lui soit fait application de" HPOS="1551" VPOS="5160" WIDTH="4590" HEIGHT="258"/>
          </TextLine>

          
          
          <TextLine ID="textline_00024" TAGREFS="LT6926" BASELINE="1503 5466 5102 5455" HPOS="1488" VPOS="5309" WIDTH="3612" HEIGHT="227">
            <Shape><Polygon POINTS="4622 5317 4543 5317 4465 5317 4387 5317 4308 5317 4230 5317 4152 5317 4073 5317 3995 5317 3987 5317 3971 5332 3964 5340 3541 5340 3525 5332 3454 5309 3447 5309 3368 5309 3337 5309 3282 5332 3259 5340 3235 5332 3157 5309 3133 5309 3055 5309 2976 5309 2898 5309 2820 5309 2788 5309 1488 5332 1496 5465 1496 5520 5092 5536 5100 5450 5084 5332 4661 5317 4622 5317"/></Shape>
	    <String CONTENT="l'article 213 du Code de Justice Militaire" HPOS="1488" VPOS="5309" WIDTH="3612" HEIGHT="227"/>
          </TextLine>

          
          
          <TextLine ID="textline_00025" TAGREFS="LT6926" BASELINE="1566 5878 6307 5868" HPOS="1551" VPOS="5708" WIDTH="4755" HEIGHT="212">
            <Shape><Polygon POINTS="1558 5873 1558 5920 6298 5920 6306 5865 6275 5708 6063 5771 4731 5771 4661 5716 4653 5708 4645 5708 4637 5708 4230 5708 4222 5708 4214 5708 4183 5716 4058 5763 3877 5724 3815 5708 3494 5708 3486 5708 3478 5708 3470 5708 3470 5716 3454 5724 3415 5763 2812 5724 2694 5724 2687 5724 2679 5724 2671 5724 2671 5732 2616 5771 2287 5771 2240 5732 2209 5708 2201 5708 2193 5708 2185 5708 1551 5732 1558 5873"/></Shape>
	    <String CONTENT="et l'accusé dans ses moyens de défense, tant par lui que par défenseur, lesquels ont" HPOS="1551" VPOS="5708" WIDTH="4755" HEIGHT="212"/>
          </TextLine>

          
          
          <TextLine ID="textline_00026" TAGREFS="LT6926" BASELINE="1579 5998 6315 5993" HPOS="1574" VPOS="5873" WIDTH="4740" HEIGHT="203">
            <Shape><Polygon POINTS="1574 5990 1574 6076 6314 6053 6314 5990 6306 5873 1574 5880 1574 5990"/></Shape>
	    <String CONTENT="déclaré n'avoir rien à ajouter à leurs moyens de défense, et ont eu la parole les derniers, le Président a déclaré les débats terminés," HPOS="1574" VPOS="5873" WIDTH="4740" HEIGHT="203"/>
          </TextLine>

          
          
          <TextLine ID="textline_00027" TAGREFS="LT6926" BASELINE="1579 6108 3904 6108" HPOS="1574" VPOS="5998" WIDTH="2327" HEIGHT="227">
            <Shape><Polygon POINTS="2279 5998 2201 5998 2123 5998 2044 5998 1966 5998 1888 5998 1809 5998 1731 5998 1653 5998 1574 5998 1574 6100 1574 6217 2115 6170 2193 6209 2217 6217 2224 6217 2232 6225 2600 6225 2600 6217 2608 6217 2616 6217 2640 6194 2671 6170 2929 6186 3211 6209 3219 6209 3901 6162 3901 6100 3901 6014 2350 5998 2279 5998"/></Shape>
	    <String CONTENT="et il a ordonné au défenseur et à l'accusé de se retirer." HPOS="1574" VPOS="5998" WIDTH="2327" HEIGHT="227"/>
          </TextLine>

          
          
          <TextLine ID="textline_00028" TAGREFS="LT6926" BASELINE="1650 6501 3881 6482" HPOS="1637" VPOS="6295" WIDTH="2240" HEIGHT="259">
            <Shape><Polygon POINTS="1645 6499 1645 6546 3862 6554 3877 6476 3862 6350 3556 6295 3548 6295 3219 6335 2992 6366 2647 6335 2640 6335 2224 6374 2076 6319 2044 6311 2036 6311 2029 6311 2021 6311 2013 6311 2005 6319 1919 6374 1817 6319 1801 6311 1794 6311 1786 6311 1637 6311 1645 6499"/></Shape>
	    <String CONTENT="L'accusé a été reconduit par l'escorte à la prison;" HPOS="1637" VPOS="6295" WIDTH="2240" HEIGHT="259"/>
          </TextLine>

          
          
          <TextLine ID="textline_00029" TAGREFS="LT8439" BASELINE="3943 6501 6115 6500 6280 6493" HPOS="3932" VPOS="6233" WIDTH="2343" HEIGHT="329">
            <Shape><Polygon POINTS="3940 6499 3940 6554 6259 6562 6275 6491 6251 6374 5993 6382 5899 6350 5820 6319 5812 6319 5805 6319 5797 6319 5789 6319 5765 6342 5758 6342 5750 6342 5687 6288 5679 6288 5671 6288 5664 6288 5656 6288 5648 6288 5601 6327 5577 6350 5162 6397 4559 6389 4394 6256 4363 6233 4355 6233 4347 6233 3932 6233 3940 6499"/></Shape>
	    <String CONTENT="le Commissaire du Gouvernement, le Greffier et les assistants dans" HPOS="3932" VPOS="6233" WIDTH="2343" HEIGHT="329"/>
          </TextLine>

          
          
          <TextLine ID="textline_00030" TAGREFS="LT8439" BASELINE="1580 6614 3624 6593" HPOS="1566" VPOS="6499" WIDTH="2053" HEIGHT="180">
            <Shape><Polygon POINTS="1574 6609 1574 6679 3611 6679 3619 6585 3595 6499 1566 6499 1574 6609"/></Shape>
	    <String CONTENT="l'auditoire de sont retirés sur l'invitation du Président (4);" HPOS="1566" VPOS="6499" WIDTH="2053" HEIGHT="180"/>
          </TextLine>

          
          
          <TextLine ID="textline_00031" TAGREFS="LT6926" BASELINE="3652 6616 6420 6571" HPOS="3642" VPOS="6460" WIDTH="2774" HEIGHT="211">
            <Shape><Polygon POINTS="6149 6483 6071 6483 5993 6483 5914 6483 5836 6483 5758 6483 5679 6483 5601 6483 5523 6483 5444 6483 5366 6483 5288 6483 5209 6483 3642 6507 3650 6609 3650 6671 6408 6624 6416 6570 6392 6460 6149 6460 6149 6483"/></Shape>
	    <String CONTENT="Le Tribunal s'est retiré dans la chambre des délibérations" HPOS="3642" VPOS="6460" WIDTH="2774" HEIGHT="211"/>
          </TextLine>

          
          
          <TextLine ID="textline_00032" TAGREFS="LT6926" BASELINE="1683 6730 6298 6725" HPOS="1668" VPOS="6617" WIDTH="4622" HEIGHT="172">
            <Shape><Polygon POINTS="1676 6726 1676 6773 6275 6789 6290 6718 6275 6617 1668 6617 1676 6726"/></Shape>
	    <String CONTENT="Le Conseil délibérant à huis clos, le Président a posé les questions, conformément à l'article 132 du Code de justice" HPOS="1668" VPOS="6617" WIDTH="4622" HEIGHT="172"/>
          </TextLine>

          
          
          <TextLine ID="textline_00033" TAGREFS="LT6926" BASELINE="1588 6840 6136 6902" HPOS="1574" VPOS="6726" WIDTH="4560" HEIGHT="227">
            <Shape><Polygon POINTS="1582 6836 1574 6875 1786 6930 1794 6930 2115 6891 2718 6945 2726 6953 6126 6953 6134 6898 6126 6789 1582 6726 1582 6836"/></Shape>
	    <String CONTENT="militaire, ainsi qu'il suit: 1^re Question: Le soldat Papé Georges Henri," HPOS="1574" VPOS="6726" WIDTH="4560" HEIGHT="227"/>
          </TextLine>

          
          
          <TextLine ID="textline_00034" TAGREFS="LT6926" BASELINE="1534 7002 6314 7047" HPOS="1519" VPOS="6891" WIDTH="4787" HEIGHT="250">
            <Shape><Polygon POINTS="1527 7000 1519 7094 2475 7063 3055 7102 3353 7118 3360 7118 3799 7094 4222 7079 4300 7094 4441 7133 4449 7133 4457 7133 4465 7133 4473 7133 4535 7094 4551 7086 4614 7094 4865 7133 4872 7133 4880 7133 4888 7133 4943 7102 6118 7141 6126 7141 6134 7141 6298 7086 6306 7039 6306 6906 1527 6891 1527 7000"/></Shape>
	    <String CONTENT="du 9^e Régiment Territorial d'Infanterie, est-il coupable d'avoir" HPOS="1519" VPOS="6891" WIDTH="4787" HEIGHT="250"/>
          </TextLine>

          
          
          <TextLine ID="textline_00035" TAGREFS="LT6926" BASELINE="1533 7174 6263 7225" HPOS="1519" VPOS="7024" WIDTH="4740" HEIGHT="266">
            <Shape><Polygon POINTS="1527 7173 1519 7212 6243 7290 6259 7220 6251 7110 6055 7063 6047 7063 6040 7063 6032 7063 5977 7102 5969 7102 5617 7063 5609 7063 5601 7063 5523 7102 5515 7102 5389 7102 4598 7055 4590 7055 4449 7086 4410 7055 4410 7047 4402 7047 4394 7047 4387 7047 3971 7086 3917 7086 3909 7086 3815 7039 3807 7039 3799 7039 3298 7079 3243 7079 3235 7079 3117 7032 3110 7032 3102 7032 2781 7071 2773 7071 2765 7071 2624 7032 2616 7032 2608 7032 2436 7071 2412 7071 1739 7071 1731 7063 1676 7024 1668 7024 1660 7024 1653 7024 1645 7024 1527 7055 1527 7173"/></Shape>
	    <String CONTENT="le 1^er Janvier 1915, en gare de Pierrefonds (oise) abandonné son" HPOS="1519" VPOS="7024" WIDTH="4740" HEIGHT="266"/>
          </TextLine>

          
          
          <TextLine ID="textline_00036" TAGREFS="LT6926" BASELINE="1551 7361 6324 7386" HPOS="1535" VPOS="7196" WIDTH="4787" HEIGHT="235">
            <Shape><Polygon POINTS="1543 7360 1535 7431 6314 7431 6322 7384 6314 7259 6102 7212 6094 7212 6087 7212 6079 7212 6008 7251 6008 7259 4888 7259 4865 7251 4739 7204 4731 7204 4238 7204 4230 7204 4222 7204 4214 7204 4214 7212 4175 7251 4167 7259 3964 7259 3948 7251 3885 7204 3877 7204 3870 7204 3862 7204 3556 7243 3423 7204 3415 7204 3407 7204 3400 7204 3282 7243 3259 7251 3235 7243 3055 7196 3047 7196 3039 7196 3031 7196 2922 7235 2765 7196 2757 7196 2749 7196 2741 7196 2734 7196 2679 7243 2679 7251 2381 7251 2373 7243 2279 7196 2271 7196 2264 7196 2256 7196 2099 7243 2091 7243 2076 7243 1919 7196 1911 7196 1903 7196 1895 7196 1794 7243 1786 7243 1778 7243 1676 7204 1668 7204 1660 7204 1653 7204 1543 7235 1543 7360"/></Shape>
	    <String CONTENT="poste alors qu'il faisait partie de l'escorte du convoi d'un" HPOS="1535" VPOS="7196" WIDTH="4787" HEIGHT="235"/>
          </TextLine>

          
          
          <TextLine ID="textline_00037" TAGREFS="LT6926" BASELINE="1549 7543 6181 7589" HPOS="1535" VPOS="7376" WIDTH="4638" HEIGHT="282">
            <Shape><Polygon POINTS="1543 7541 1535 7588 2115 7635 2123 7635 2130 7635 2256 7603 2287 7595 2342 7603 2585 7635 2593 7635 2961 7611 3070 7603 3125 7611 3353 7650 3360 7650 3517 7611 3548 7611 3588 7619 3854 7658 3862 7658 6165 7642 6173 7588 6165 7407 5836 7407 5828 7407 5820 7407 5671 7462 5436 7407 5397 7400 5389 7400 5342 7407 5100 7454 4488 7454 4434 7407 4418 7392 4410 7392 4402 7392 4394 7392 4293 7407 4152 7439 4120 7407 4097 7392 4089 7392 4081 7392 4073 7392 3877 7407 3697 7431 3674 7415 3642 7384 3635 7384 3627 7384 3619 7384 3611 7384 3533 7415 3462 7439 2890 7439 2867 7415 2828 7384 2828 7376 2820 7376 2812 7376 2804 7376 2616 7415 2546 7431 2530 7415 2506 7400 2506 7392 2499 7392 2491 7392 2483 7392 2475 7392 2381 7415 2311 7431 2232 7415 2068 7384 2060 7384 1543 7415 1543 7541"/></Shape>
	    <String CONTENT="train de ravitaillement allant du Bourget à Pierrefonds" HPOS="1535" VPOS="7376" WIDTH="4638" HEIGHT="282"/>
          </TextLine>

          
          
          <TextLine ID="textline_00038" TAGREFS="LT6926" BASELINE="1558 7747 3525 7743" HPOS="1543" VPOS="7556" WIDTH="1974" HEIGHT="274">
            <Shape><Polygon POINTS="1551 7744 1551 7830 3509 7830 3517 7736 3501 7603 2420 7556 2412 7556 1848 7595 1692 7556 1684 7556 1676 7556 1668 7556 1543 7595 1551 7744"/></Shape>
	    <String CONTENT="et retour au Bourget?" HPOS="1543" VPOS="7556" WIDTH="1974" HEIGHT="274"/>
          </TextLine>

          
        </TextBlock>
        
        <TextBlock HPOS="1501.0" VPOS="7924.0" WIDTH="4886.0" HEIGHT="976.0" ID="textblock_00002" TAGREFS="BT21627">
          <Shape><Polygon POINTS="1501 7924 6387 7924 6387 8900 1501 8900 1501 7924"/></Shape>
          
          
          <TextLine ID="textline_00039" TAGREFS="LT6926" BASELINE="1692 7963 2595 7963" HPOS="1684" VPOS="7924" WIDTH="909" HEIGHT="110">
            <Shape><Polygon POINTS="2546 7924 2467 7924 2389 7924 2311 7924 2232 7924 2154 7924 2076 7924 1997 7924 1919 7924 1841 7924 1762 7924 1684 7924 1684 7956 1684 8034 2593 8034 2593 7956 2593 7924 2546 7924"/></Shape>
	    <String CONTENT="(1) Et à décharge (s'il y en a)." HPOS="1684" VPOS="7924" WIDTH="909" HEIGHT="110" WC="0.8540198217939448"/>
          </TextLine>

          
          
          <TextLine ID="textline_00040" TAGREFS="LT6926" BASELINE="1679 8062 5684 8083 6297 8067" HPOS="1668" VPOS="7956" WIDTH="4622" HEIGHT="164">
            <Shape><Polygon POINTS="2538 7963 2459 7963 2381 7963 2303 7963 2224 7963 2146 7963 2068 7963 1989 7963 1911 7963 1833 7963 1754 7963 1676 7956 1676 8057 1668 8104 6275 8120 6290 8065 6275 7956 2553 7956 2538 7963"/></Shape>
	    <String CONTENT="(2) Indiquer si des témoins ont été entendus sans prestation de serment, et pour quel motif ; dire que les pièces de conviction, s'il y en a, ont été représentées." HPOS="1668" VPOS="7956" WIDTH="4622" HEIGHT="164" WC="0.9633623090657321"/>
          </TextLine>

          
          
          <TextLine ID="textline_00041" TAGREFS="LT6926" BASELINE="1584 8149 5652 8180 6273 8159" HPOS="1574" VPOS="8050" WIDTH="4693" HEIGHT="172">
            <Shape><Polygon POINTS="6196 8073 6118 8073 6047 8073 5969 8073 5891 8073 5812 8073 5734 8073 5656 8073 5577 8073 5499 8073 5421 8073 5342 8073 5264 8073 5186 8073 5107 8073 5029 8073 4951 8073 4872 8073 4794 8073 4716 8073 4637 8073 4559 8073 4481 8073 4402 8073 4324 8073 4246 8073 4167 8073 4089 8073 4011 8073 3932 8065 3854 8065 3776 8065 3697 8065 3619 8065 3541 8065 3462 8065 3384 8065 3306 8065 3227 8065 3149 8065 3070 8065 2992 8065 2914 8065 2835 8065 2757 8065 2679 8065 2600 8065 2522 8065 2444 8065 2365 8065 2287 8065 2209 8065 2130 8065 2052 8065 1974 8065 1895 8065 1817 8065 1739 8065 1723 8050 1582 8050 1582 8144 1574 8198 6251 8222 6267 8151 6251 8073 6196 8073"/></Shape>
	    <String CONTENT="Indiquer, en outre, ses incidents qui ont pu ce produire, en ayant soin de préciser à quel moment du débat ils ont en lieu, ses conclusions des parties, les" HPOS="1574" VPOS="8050" WIDTH="4693" HEIGHT="172" WC="0.9752919809727729"/>
          </TextLine>

          
          
          <TextLine ID="textline_00042" TAGREFS="LT6926" BASELINE="1589 8240 5638 8276 6272 8255" HPOS="1574" VPOS="8151" WIDTH="4693" HEIGHT="165">
            <Shape><Polygon POINTS="5264 8167 5186 8167 5107 8167 5029 8167 4951 8167 4872 8167 4794 8167 4716 8167 4637 8167 4559 8167 4481 8167 4402 8167 4324 8167 4246 8167 4167 8167 4089 8167 4011 8167 3932 8167 3854 8167 3776 8167 3697 8167 3619 8167 3541 8167 3462 8167 3384 8159 3306 8159 3227 8159 3149 8159 3070 8159 2992 8159 2914 8159 2835 8159 2757 8159 2679 8159 2600 8159 2522 8159 2444 8151 2365 8151 2287 8151 2209 8151 2130 8151 2052 8151 1974 8151 1895 8151 1817 8151 1739 8151 1660 8151 1582 8151 1582 8238 1574 8285 6251 8316 6267 8253 6251 8167 5311 8159 5264 8167"/></Shape>
	    <String CONTENT="réquisitions du ministère public, les moyens de défense présentés par l'accusé, et enfin le jugement motivé du Conseil. Dans le cas où le blanc laisse ici ne suf-" HPOS="1574" VPOS="8151" WIDTH="4693" HEIGHT="165" WC="0.9699015962072166"/>
          </TextLine>

          
          
          <TextLine ID="textline_00043" TAGREFS="LT6926" BASELINE="1589 8339 5506 8377 6277 8351" HPOS="1574" VPOS="8245" WIDTH="4701" HEIGHT="173">
            <Shape><Polygon POINTS="5029 8253 4951 8253 4872 8253 4794 8261 4716 8261 4637 8261 4559 8261 4481 8261 4402 8261 4324 8261 4246 8261 4167 8261 4089 8261 4011 8261 3932 8261 3854 8261 3776 8261 3697 8261 3619 8261 3541 8261 3462 8261 3384 8253 3306 8253 3227 8253 3149 8253 3070 8253 2992 8253 2914 8253 2835 8253 2757 8253 2679 8253 2600 8253 2522 8253 2444 8245 2365 8245 2287 8245 2209 8245 2130 8245 2052 8245 1974 8245 1895 8245 1817 8245 1739 8245 1660 8245 1582 8245 1582 8332 1574 8394 6259 8418 6275 8347 6259 8261 5084 8253 5029 8253"/></Shape>
	    <String CONTENT="firait pas pour insérer toutes ces mentions, on devra indiquer l'incident et le moment du débat il s'est produit, en ajoutant qu'il y a été statué par jugement" HPOS="1574" VPOS="8245" WIDTH="4701" HEIGHT="173" WC="0.9438626418213645"/>
          </TextLine>

          
          
          <TextLine ID="textline_00044" TAGREFS="LT6926" BASELINE="1591 8434 5408 8436 6278 8436" HPOS="1590" VPOS="8339" WIDTH="4685" HEIGHT="173">
            <Shape><Polygon POINTS="6212 8363 6134 8363 6055 8363 5977 8363 5899 8363 5820 8363 5742 8363 5664 8363 5585 8363 5507 8363 5429 8363 5350 8363 5272 8363 5194 8363 5115 8363 5037 8355 4959 8355 4880 8355 4802 8355 4723 8355 4645 8355 4567 8355 4488 8355 4410 8355 4332 8355 4253 8355 4175 8355 4097 8355 4018 8355 3940 8355 3862 8347 3783 8347 3705 8347 3627 8347 3548 8347 3470 8347 3392 8347 3313 8347 3235 8347 3157 8347 3078 8347 3000 8347 2922 8347 2843 8347 2765 8347 2687 8339 2608 8339 2530 8339 2452 8339 2373 8339 2295 8339 2217 8339 2138 8339 2060 8339 1982 8339 1903 8339 1825 8339 1747 8339 1668 8339 1590 8339 1590 8433 1590 8512 6275 8496 6275 8433 6275 8339 6212 8339 6212 8363"/></Shape>
	    <String CONTENT="séparé, lequel est joint et annexé au présent, et alors le jugement séparé doit indiquer la publicité de l'audience, se terminer par la même formule et être signé" HPOS="1590" VPOS="8339" WIDTH="4685" HEIGHT="173" WC="0.9575413712383022"/>
          </TextLine>

          
          
          <TextLine ID="textline_00045" TAGREFS="LT6926" BASELINE="1586 8527 5536 8568 6277 8538" HPOS="1574" VPOS="8433" WIDTH="4701" HEIGHT="196">
            <Shape><Polygon POINTS="3854 8441 3776 8441 3697 8441 3619 8441 3541 8441 3462 8441 3384 8441 3306 8441 3227 8441 3149 8441 3070 8441 2992 8441 2914 8441 2835 8441 2757 8441 2679 8441 2600 8441 2522 8441 2444 8441 2365 8441 2287 8441 2209 8441 2130 8441 2052 8441 1974 8441 1895 8441 1817 8441 1739 8441 1660 8441 1582 8433 1582 8519 1574 8582 6259 8629 6275 8535 6259 8457 3917 8441 3854 8441"/></Shape>
	    <String CONTENT="de la même manière que le jugement principal, en mentionnant qu'il y sera annexé comme en taisant partie. En cas de suspension d'audience et de remise au" HPOS="1574" VPOS="8433" WIDTH="4701" HEIGHT="196" WC="0.9580110686940032"/>
          </TextLine>

          
          
          <TextLine ID="textline_00046" TAGREFS="LT6926" BASELINE="1582 8631 4584 8646" HPOS="1566" VPOS="8535" WIDTH="3016" HEIGHT="165">
            <Shape><Polygon POINTS="4551 8551 4473 8551 4394 8551 4316 8551 4238 8551 4159 8551 4081 8551 4003 8551 3924 8551 3885 8543 1574 8535 1574 8629 1566 8684 4567 8700 4582 8645 4575 8551 4551 8551"/></Shape>
	    <String CONTENT="lendemain, la mention qui constate cette remise est signée par le Président et le Greffier seulement." HPOS="1566" VPOS="8535" WIDTH="3016" HEIGHT="165" WC="0.9827957211756239"/>
          </TextLine>

          
          
          <TextLine ID="textline_00047" TAGREFS="LT6926" BASELINE="1657 8725 5755 8745" HPOS="1645" VPOS="8629" WIDTH="4105" HEIGHT="180">
            <Shape><Polygon POINTS="4551 8645 4473 8645 4394 8645 4316 8645 4238 8645 4159 8645 4081 8645 4003 8645 3924 8645 3846 8645 3768 8645 3689 8645 3611 8645 3533 8645 3454 8645 3376 8645 3298 8645 3219 8645 3141 8645 3063 8637 2984 8637 2906 8637 2828 8637 2749 8637 2671 8637 2593 8637 2514 8637 2436 8637 2358 8637 2279 8637 2201 8637 2123 8637 2044 8637 1966 8637 1888 8637 1809 8637 1731 8637 1653 8637 1653 8723 1645 8778 5734 8809 5750 8739 5742 8637 4559 8629 4551 8645"/></Shape>
	    <String CONTENT="(3) Indiquer si les réquisitions tendent à la déclaration de culpabilité et, dans ce cas, les articles de loi dont l'application est demandée." HPOS="1645" VPOS="8629" WIDTH="4105" HEIGHT="180" WC="0.9780470994237351"/>
          </TextLine>

          
          
          <TextLine ID="textline_00048" TAGREFS="LT6926" BASELINE="1656 8819 5165 8840" HPOS="1645" VPOS="8731" WIDTH="3517" HEIGHT="188">
            <Shape><Polygon POINTS="5100 8739 5021 8739 4943 8739 4865 8739 4786 8739 4708 8739 4629 8739 4551 8739 4473 8739 4394 8739 4316 8739 4238 8739 4159 8739 4081 8739 4003 8739 3924 8739 3846 8739 3768 8739 3697 8731 3400 8731 3376 8731 3298 8731 3219 8731 3141 8731 3063 8731 2984 8731 2906 8731 2828 8731 2749 8731 2671 8731 2593 8731 2514 8731 2436 8731 2358 8731 2279 8731 2201 8731 2123 8731 2044 8731 1966 8731 1888 8731 1809 8731 1731 8731 1653 8731 1653 8817 1645 8872 5147 8919 5162 8833 5154 8739 5100 8739"/></Shape>
	    <String CONTENT="(4) S'il y a une chambre des délibérations, on mettra que le Tribunal s'est retiré dans la chambre des délibérations." HPOS="1645" VPOS="8731" WIDTH="3517" HEIGHT="188" WC="0.9610047266503011"/>
          </TextLine>

          
        </TextBlock>
        
        <TextBlock HPOS="1864.0" VPOS="8915.0" WIDTH="2429.0" HEIGHT="131.0" ID="textblock_00003" TAGREFS="BT21628">
          <Shape><Polygon POINTS="1864 8915 4293 8915 4293 9046 1864 9046 1864 8915"/></Shape>
          
          
          <TextLine ID="textline_00049" TAGREFS="LT6926" BASELINE="1970 8970 4277 8991" HPOS="1958" VPOS="8919" WIDTH="2311" HEIGHT="149">
            <Shape><Polygon POINTS="4238 8919 4159 8919 4081 8919 4003 8919 3924 8919 3846 8919 3768 8919 3689 8919 3611 8919 3533 8919 3454 8919 3376 8919 3298 8919 3219 8919 3141 8919 3063 8919 2984 8919 2906 8919 2828 8919 2749 8919 2671 8919 2593 8919 2514 8919 2436 8919 2358 8919 2279 8919 2201 8919 2123 8919 2044 8919 1966 8919 1966 8966 1958 9052 4253 9068 4269 8989 4269 8919 4238 8919"/></Shape>
	    <String CONTENT="Conseil de guerre. - N^o 967 de la Nomenclature générale. - Formule n^o 16." HPOS="1958" VPOS="8919" WIDTH="2311" HEIGHT="149" WC="0.9520910843213399"/>
          </TextLine>

          
        </TextBlock>
        

        
      </PrintSpace>
    </Page>
  </Layout>
</alto>