5901 9301
348 387 884 240 N^o DU JUGEMENT :

1248 364 295 411 10

674 782 295 210 (Art. 140

395.0 906.0 830.0 171.0 du Code de justice militaire.)

372 1131 837 287 MINUTE DE JUGEMENT.

1713 596 1768 210 RÉPUBLIQUE FRANÇAISE.

2093 1309 1024 233 JUGEMENT

659 1588 3729 256 rendu par le - CONSEIL DE GUERRE permanent de la Xe Armée

1969 1782 3024 357 séant à Hesdin (Pas-de-Calais)

3458 1309 1489 349 12 Novembre 1914

4272 488 272 139 N^o 967

3908 534 961 287 DE LA NOMENCLATURE GÉNÉRALE.

4032 744 729 193 [FORMULE N^o 16.]

3939 968 868 248 N^o 10 D'ORDRE.

3970 1216 822 140 Date du crime ou du détit.

1954 2270 1287 233 AU NOM DU PEUPLE FRANÇAIS,

310 2500 2893 217 Le - Conseil de guerre permanent de la X^e Armée

271 2689 1729 186 a rendu le jugement dont la teneur suit:

364 2829 3365 294 CEJOURD'HUI dix huit novembre an mil neuf cent quatorze

379 3038 2823 186 Le Conseil de guerre permanent de la X^e Armée

279 3154 2946 209 composé, conformément aux articles 35 et 34 du Code de justice militaire, de MM.

286 3317 3040 248 Robert Lieutenant Colonel du service du Génie

4164 3185 372 326 Président ;

294 3503 2404 310 Migette Chef d'escadrons de Gendarmerie

294 3759 2264 263 Cabis Capitaine de Gendarmerie

271 3960 2574 264 de Boisredon Lieutenant au 15^e Dragons

4117 3968 279 248 Juges.

279 4169 3001 341 Darmaillac Maréchal des Logis au 15^e Dragons

271 4479 3528 318 tous nommés par le (1) Général Commandant la X^e Armée

294 4728 2404 170 M. Villers Capitaine Commissaire du Gouvernement ;

279 4836 2241 171 M. Laval sergent Greffier près ledit Conseil ;

395 4875 4040 248 Lesquels ne se trouvent dans aucun des cas d'incompatibilité prévus par les articles 22, 23 et 24 du Code précités ;

379 5053 4568 178 Le Conseil, convoqué par l'ordre du commandant, conformément à l'article 111 du Code de justice militaire, s'est réuni dans

279 5162 2031 217 le lieu ordinaire de ses séances, en audience publique (2)

372 5247 3985 225 A l'effet de juger le sieur Delage Henri, fils de Jean

263 5410 4738 209 fils de Isabelle Chevalier, né le 5 Mai 1859 à Brunémont, arrondissement de Douai

279 5526 915 170 département du Nord

2496 5534 1481 201 , profession de marchand forain

271 5580 3458 240 résidant, avant son entrée au service, à Lille, Rue d'Artois 88 (Nord)

379 5751 613 162 Taille d'un mètre

1977 5758 721 179 millimètres, cheveux

3900 5766 248 147 , front

271 5859 186 178 yeux

1830.0 5859.0 232.0 171.0 , nez

3458.0 5859.0 333.0 178.0 , visage

387 5975 1791 179 Renseignements physionomiques complémentaires :

2527.0 5968.0 404.0 193.0 Néant

271 6185 170 186 (3)

348 6099 3420 210 Marques particulières:  Néant - marié - dix enfants

286 6650 4940 364 Accusé d'Injures envers un agent dépositaire de la force publique

1512 7105 2233 382 Condamnations Antérieures

2233 7487 628 302 Néant

372 8184 4575 93 (1) Le gouverneur civil ou militaire. - Le général commandant le corps d'armée (France). Le général commandant la division militaire, la division ou

310 8223 3698 155 la brigade d'occupation, etc... – ou le ministre de la guerre, selon les cas prévus par l'article 8 du Code de justice militaire.

372 8293 4575 201 (2) Si le huis clos a été ordonné, le dire en visant l'article 113 du Code de justice militaire ; il ne peut être ordonné que pour les débats, et tous les jugements

294 8386 1140 163 doivent être prononcés publiquement.

379 8471 3125 194 (3) Indiquer le crime ou le délit sur lequel l'accusé a été traduit devant de Conseil de guerre (art. 140).

387 8750 698 132 FORMULE N^o 16.
