<?xml version='1.0' encoding='UTF-8'?>
<alto xmlns:xsi="http://www.w3.org/2001/XMLSchema-instance" xmlns="http://www.loc.gov/standards/alto/ns-v4#" xsi:schemaLocation="http://www.loc.gov/standards/alto/ns-v4# http://www.loc.gov/standards/alto/v4/alto-4-2.xsd">
  <Description>
    <MeasurementUnit>pixel</MeasurementUnit>
    <sourceImageInformation>
      <fileName>11_J_184_0155.jpg</fileName>
      
    </sourceImageInformation>
  </Description>
  
  <Tags>
    <OtherTag ID="BT16575" LABEL="MarginTextZone" DESCRIPTION="block type MarginTextZone"/><OtherTag ID="BT16576" LABEL="DamageZone" DESCRIPTION="block type DamageZone"/><OtherTag ID="BT16577" LABEL="DigitizationArtefactZone" DESCRIPTION="block type DigitizationArtefactZone"/><OtherTag ID="BT16578" LABEL="DropCapitalZone" DESCRIPTION="block type DropCapitalZone"/><OtherTag ID="BT16579" LABEL="GraphicZone" DESCRIPTION="block type GraphicZone"/><OtherTag ID="BT16580" LABEL="MusicZone" DESCRIPTION="block type MusicZone"/><OtherTag ID="BT16581" LABEL="NumberingZone" DESCRIPTION="block type NumberingZone"/><OtherTag ID="BT16582" LABEL="QuireMarksZone" DESCRIPTION="block type QuireMarksZone"/><OtherTag ID="BT16583" LABEL="RunningTitleZone" DESCRIPTION="block type RunningTitleZone"/><OtherTag ID="BT16584" LABEL="SealZone" DESCRIPTION="block type SealZone"/><OtherTag ID="BT16585" LABEL="StampZone" DESCRIPTION="block type StampZone"/><OtherTag ID="BT16586" LABEL="TableZone" DESCRIPTION="block type TableZone"/><OtherTag ID="BT16587" LABEL="TitlePageZone" DESCRIPTION="block type TitlePageZone"/><OtherTag ID="BT19261" LABEL="MainZone" DESCRIPTION="block type MainZone"/><OtherTag ID="BT21623" LABEL="MainZone-judgementNumber" DESCRIPTION="block type MainZone-judgementNumber"/><OtherTag ID="BT21624" LABEL="MainZone-judgementPlace" DESCRIPTION="block type MainZone-judgementPlace"/><OtherTag ID="BT21625" LABEL="MainZone-orderNumber" DESCRIPTION="block type MainZone-orderNumber"/><OtherTag ID="BT21626" LABEL="MainZone-crimeDate" DESCRIPTION="block type MainZone-crimeDate"/><OtherTag ID="BT21627" LABEL="MarginTextZone-note" DESCRIPTION="block type MarginTextZone-note"/><OtherTag ID="BT21628" LABEL="QuireMarksZone-signature" DESCRIPTION="block type QuireMarksZone-signature"/><OtherTag ID="BT21629" LABEL="CustomZone-signature" DESCRIPTION="block type CustomZone-signature"/><OtherTag ID="BT21630" LABEL="MarginTextZone-addition" DESCRIPTION="block type MarginTextZone-addition"/>
    <OtherTag ID="LT6926" LABEL="DefaultLine" DESCRIPTION="line type DefaultLine"/><OtherTag ID="LT6927" LABEL="HeadingLine" DESCRIPTION="line type HeadingLine"/><OtherTag ID="LT6928" LABEL="InterlinearLine" DESCRIPTION="line type InterlinearLine"/><OtherTag ID="LT8439" LABEL="CustomLine:scratched" DESCRIPTION="line type CustomLine:scratched"/><OtherTag ID="LT8440" LABEL="CustomLine:signature" DESCRIPTION="line type CustomLine:signature"/><OtherTag ID="LT8441" LABEL="CustomLine:margin" DESCRIPTION="line type CustomLine:margin"/><OtherTag ID="LT8442" LABEL="default" DESCRIPTION="line type default"/>
  </Tags>
  
  <Layout>
    <Page WIDTH="5767" HEIGHT="9240" PHYSICAL_IMG_NR="139" ID="eSc_dummypage_">
      <PrintSpace HPOS="0" VPOS="0" WIDTH="5767" HEIGHT="9240">
        
        <TextBlock HPOS="260.0" VPOS="273.0" WIDTH="1443.0" HEIGHT="997.0" ID="textblock_00001" TAGREFS="BT21623">
          <Shape><Polygon POINTS="260 273 1703 273 1703 1270 260 1270 260 273"/></Shape>
          
          
          <TextLine ID="textline_00001" TAGREFS="LT6927" BASELINE="386 514 1592 520" HPOS="377" VPOS="284" WIDTH="1211" HEIGHT="432">
            <Shape><Polygon POINTS="385 508 377 608 832 585 1071 669 1202 716 1210 716 1218 716 1580 700 1588 515 1572 284 1187 346 956 315 817 300 809 300 385 346 385 508"/></Shape>
	    <String CONTENT="N^o DU JUGEMENT: 39" HPOS="377" VPOS="284" WIDTH="1211" HEIGHT="432"/>
          </TextLine>

          
          
          <TextLine ID="textline_00002" TAGREFS="LT6927" BASELINE="696 902 974 899" HPOS="686" VPOS="777" WIDTH="285" HEIGHT="170">
            <Shape><Polygon POINTS="693 900 693 947 770 947 848 939 925 939 963 939 971 893 956 777 686 777 693 900"/></Shape>
	    <String CONTENT="(Art. 140" HPOS="686" VPOS="777" WIDTH="285" HEIGHT="170" WC="0.9753981563780043"/>
          </TextLine>

          
          
          <TextLine ID="textline_00003" TAGREFS="LT6927" BASELINE="403 974 1267 972" HPOS="400" VPOS="915" WIDTH="884" HEIGHT="124">
            <Shape><Polygon POINTS="400 923 400 970 400 1024 1256 1039 1264 970 1284 915"/></Shape>
	    <String CONTENT="du Code de justice militaire.)" HPOS="400" VPOS="915" WIDTH="884" HEIGHT="124"/>
          </TextLine>

          
          
          <TextLine ID="textline_00004" TAGREFS="LT6927" BASELINE="413 1204 1234 1204" HPOS="408" VPOS="1085" WIDTH="825" HEIGHT="185">
            <Shape><Polygon POINTS="408 1201 408 1247 1225 1270 1233 1201 1233 1093 408 1085 408 1201"/></Shape>
	    <String CONTENT="MINUTE DE JUGEMENT." HPOS="408" VPOS="1085" WIDTH="825" HEIGHT="185" WC="0.9997293604047675"/>
          </TextLine>

          
        </TextBlock>
        
        <TextBlock HPOS="1699.0" VPOS="585.0" WIDTH="1891.0" HEIGHT="197.0" ID="textblock_00002" TAGREFS="BT16583">
          <Shape><Polygon POINTS="1699 585 3590 585 3590 782 1699 782 1699 585"/></Shape>
          
          
          <TextLine ID="textline_00005" TAGREFS="LT6927" BASELINE="1749 699 3519 748" HPOS="1734" VPOS="585" WIDTH="1781" HEIGHT="238">
            <Shape><Polygon POINTS="2898 585 2821 585 2744 585 2667 585 2590 585 2513 585 2436 585 2359 585 2282 585 2205 585 2127 585 2050 585 1973 585 1896 585 1819 585 1742 585 1742 693 1734 770 3500 823 3515 746 3508 600 2914 585 2898 585"/></Shape>
	    <String CONTENT="RÉPUBLIQUE FRANÇAISE." HPOS="1734" VPOS="585" WIDTH="1781" HEIGHT="238"/>
          </TextLine>

          
        </TextBlock>
        
        <TextBlock HPOS="458.0" VPOS="1309.0" WIDTH="4923.0" HEIGHT="835.0" ID="textblock_00003" TAGREFS="BT21624">
          <Shape><Polygon POINTS="458 1309 5381 1309 5381 2144 458 2144 458 1309"/></Shape>
          
          
          <TextLine ID="textline_00006" TAGREFS="LT6927" BASELINE="2148 1474 3114 1497" HPOS="2135" VPOS="1309" WIDTH="972" HEIGHT="238">
            <Shape><Polygon POINTS="2837 1309 2760 1309 2683 1309 2605 1309 2528 1309 2451 1309 2374 1309 2297 1309 2220 1309 2143 1309 2143 1470 2135 1547 3099 1547 3107 1493 3099 1316 2860 1309 2837 1309"/></Shape>
	    <String CONTENT="JUGEMENT" HPOS="2135" VPOS="1309" WIDTH="972" HEIGHT="238" WC="0.9990202262997627"/>
          </TextLine>

          
          
          <TextLine ID="textline_00007" TAGREFS="LT6927" BASELINE="705 1708 4305 1787" HPOS="693" VPOS="1570" WIDTH="3609" HEIGHT="262">
            <Shape><Polygon POINTS="701 1701 693 1778 4286 1832 4302 1786 4294 1655 3916 1609 3908 1609 3901 1609 3893 1609 3854 1640 3808 1678 3654 1678 3492 1632 3338 1593 3330 1593 3322 1593 3168 1624 3037 1655 3014 1624 3014 1617 3006 1617 3006 1609 2999 1609 2991 1609 2983 1609 2976 1609 2929 1617 2814 1647 2752 1617 2675 1578 2667 1578 2659 1578 2652 1578 2582 1609 2521 1640 2444 1609 2420 1601 2413 1601 2405 1601 2397 1601 2390 1601 2390 1609 2328 1640 701 1570 701 1701"/></Shape>
	    <String CONTENT="rendu par le - CONSEIL DE GUERRE permanent de la X^e  Armée" HPOS="693" VPOS="1570" WIDTH="3609" HEIGHT="262"/>
          </TextLine>

          
          
          <TextLine ID="textline_00008" TAGREFS="LT6927" BASELINE="2009 1959 5244 2033" HPOS="1996" VPOS="1763" WIDTH="3246" HEIGHT="416">
            <Shape><Polygon POINTS="2004 1955 1996 2040 2066 2094 2073 2094 2081 2094 2089 2094 2097 2094 2189 2048 2320 2117 2328 2117 2336 2117 2914 2055 2960 2055 2983 2063 3153 2125 3161 2125 3168 2125 3176 2125 3184 2125 3261 2071 3268 2063 3276 2071 3353 2140 3361 2140 3369 2140 3700 2148 3708 2148 3716 2148 3916 2094 3962 2086 4032 2102 4194 2132 4201 2132 4209 2132 4294 2109 4340 2094 4363 2109 4425 2156 4433 2156 4440 2156 4448 2156 4456 2156 4525 2117 4571 2094 4695 2125 4911 2179 4918 2179 4926 2179 5235 2140 5242 2032 5242 1824 4810 1817 4803 1817 4795 1817 4787 1817 4787 1824 4726 1878 4625 1824 4602 1809 4595 1809 4587 1809 4579 1809 4571 1809 4556 1824 4464 1894 4348 1894 4271 1824 4271 1817 4263 1817 4255 1817 4248 1817 4240 1817 4232 1817 4232 1824 4124 1886 4001 1886 3924 1824 3916 1809 3908 1809 3901 1809 3893 1809 3747 1824 3315 1863 3207 1824 3161 1801 3153 1801 3145 1801 3137 1801 3083 1824 2991 1855 2945 1824 2875 1771 2868 1771 2860 1771 2644 1763 2636 1763 2629 1763 2505 1824 2459 1840 2004 1824 2004 1955"/></Shape>
	    <String CONTENT="séant à Hesdin (Pas.de-Calais)" HPOS="1996" VPOS="1763" WIDTH="3246" HEIGHT="416"/>
          </TextLine>

          
        </TextBlock>
        
        <TextBlock HPOS="3866.0" VPOS="507.0" WIDTH="1095.0" HEIGHT="719.0" ID="textblock_00004" TAGREFS="BT21625">
          <Shape><Polygon POINTS="3866 507 4961 507 4961 1226 3866 1226 3866 507"/></Shape>
          
          
          <TextLine ID="textline_00009" TAGREFS="LT6927" BASELINE="4302 600 4557 603" HPOS="4286" VPOS="508" WIDTH="270" HEIGHT="146">
            <Shape><Polygon POINTS="4525 508 4448 508 4371 508 4294 508 4294 592 4286 654 4548 654 4556 600 4556 508 4525 508"/></Shape>
	    <String CONTENT="N^o 967" HPOS="4286" VPOS="508" WIDTH="270" HEIGHT="146" WC="0.9761689475604466"/>
          </TextLine>

          
          
          <TextLine ID="textline_00010" TAGREFS="LT6927" BASELINE="3941 700 4893 724" HPOS="3932" VPOS="569" WIDTH="956" HEIGHT="262">
            <Shape><Polygon POINTS="4556 600 4479 600 4402 600 4325 600 4294 569 3939 569 3939 693 3932 762 4147 762 4171 785 4201 816 4201 823 4209 823 4217 823 4410 831 4417 831 4425 831 4517 808 4649 777 4864 831 4888 723 4888 577 4571 569 4556 600"/></Shape>
	    <String CONTENT="DE LA NOMENCLATURE GÉNÉRALE." HPOS="3932" VPOS="569" WIDTH="956" HEIGHT="262" WC="0.965627521276474"/>
          </TextLine>

          
          
          <TextLine ID="textline_00011" TAGREFS="LT6927" BASELINE="4072 892 4793 909" HPOS="4063" VPOS="746" WIDTH="724" HEIGHT="216">
            <Shape><Polygon POINTS="4070 885 4063 947 4772 962 4787 908 4787 793 4070 746 4070 885"/></Shape>
	    <String CONTENT="[FORMULE N^o 16.]" HPOS="4063" VPOS="746" WIDTH="724" HEIGHT="216" WC="0.9963586681029376"/>
          </TextLine>

          
          
          <TextLine ID="textline_00012" TAGREFS="LT6927" BASELINE="3979 1099 4834 1123" HPOS="3970" VPOS="970" WIDTH="856" HEIGHT="277">
            <Shape><Polygon POINTS="3978 1093 3970 1193 4132 1178 4171 1201 4248 1239 4255 1239 4263 1247 4479 1247 4479 1239 4487 1239 4579 1185 4595 1185 4818 1185 4826 1116 4818 1008 3978 970 3978 1093"/></Shape>
	    <String CONTENT="N^o 39 D'ORDRE." HPOS="3970" VPOS="970" WIDTH="856" HEIGHT="277" WC="0.9355027476946512"/>
          </TextLine>

          
        </TextBlock>
        
        <TextBlock HPOS="3656.0" VPOS="1216.0" WIDTH="1466.0" HEIGHT="435.0" ID="textblock_00005" TAGREFS="BT21626">
          <Shape><Polygon POINTS="3656 1216 5122 1216 5122 1651 3656 1651 3656 1216"/></Shape>
          
          
          <TextLine ID="textline_00013" TAGREFS="LT6927" BASELINE="4031 1315 4810 1332" HPOS="4016" VPOS="1216" WIDTH="787" HEIGHT="154">
            <Shape><Polygon POINTS="4718 1216 4641 1216 4564 1216 4487 1216 4410 1216 4332 1216 4255 1216 4178 1216 4101 1216 4024 1216 4024 1309 4016 1355 4787 1370 4803 1324 4787 1216 4718 1216"/></Shape>
	    <String CONTENT="Date du crime on du délit." HPOS="4016" VPOS="1216" WIDTH="787" HEIGHT="154"/>
          </TextLine>

          
          
          <TextLine ID="textline_00014" TAGREFS="LT6927" BASELINE="3878 1446 4575 1428 5047 1449" HPOS="3862" VPOS="1293" WIDTH="1180" HEIGHT="193">
            <Shape><Polygon POINTS="4787 1324 4710 1324 4633 1324 4556 1324 4479 1324 4402 1316 4325 1316 4248 1316 4171 1316 4093 1316 4016 1316 4009 1301 3870 1301 3870 1439 3862 1486 5034 1478 5042 1447 5026 1293 4803 1293 4787 1324"/></Shape>
	    <String CONTENT="28 Décembre 1914" HPOS="3862" VPOS="1293" WIDTH="1180" HEIGHT="193"/>
          </TextLine>

          
          
          <TextLine ID="textline_00015" TAGREFS="LT6927" BASELINE="3853 1551 4622 1541 5004 1556" HPOS="3839" VPOS="1447" WIDTH="1164" HEIGHT="254">
            <Shape><Polygon POINTS="4918 1447 3847 1447 3847 1547 3839 1655 4417 1701 4425 1701 4556 1678 4718 1647 4988 1686 5003 1555 4996 1447 4918 1447"/></Shape>
	    <String CONTENT="au 10 Janvier 1915" HPOS="3839" VPOS="1447" WIDTH="1164" HEIGHT="254"/>
          </TextLine>

          
        </TextBlock>
        
        <TextBlock HPOS="19.0" VPOS="2147.0" WIDTH="5433.0" HEIGHT="6005.0" ID="textblock_00006" TAGREFS="BT19261">
          <Shape><Polygon POINTS="19 2147 5452 2147 5452 8152 19 8152 19 2147"/></Shape>
          
          
          <TextLine ID="textline_00016" TAGREFS="LT6926" BASELINE="1987 2415 3235 2447" HPOS="1973" VPOS="2294" WIDTH="1257" HEIGHT="223">
            <Shape><Polygon POINTS="1981 2410 1973 2487 3215 2517 3230 2440 3230 2325 1981 2294 1981 2410"/></Shape>
	    <String CONTENT="AU NOM DU PEUPLE FRANÇAIS," HPOS="1973" VPOS="2294" WIDTH="1257" HEIGHT="223"/>
          </TextLine>

          
          
          <TextLine ID="textline_00017" TAGREFS="LT6926" BASELINE="400 2617 3227 2644" HPOS="385" VPOS="2433" WIDTH="2837" HEIGHT="285">
            <Shape><Polygon POINTS="393 2610 385 2679 3207 2718 3222 2641 3215 2479 1133 2479 1087 2471 948 2433 940 2433 932 2433 393 2464 393 2610"/></Shape>
	    <String CONTENT="Le - Conseil de guerre permanent de la X^e Armée" HPOS="385" VPOS="2433" WIDTH="2837" HEIGHT="285"/>
          </TextLine>

          
          
          <TextLine ID="textline_00018" TAGREFS="LT6926" BASELINE="284 2790 1997 2810" HPOS="269" VPOS="2671" WIDTH="1727" HEIGHT="185">
            <Shape><Polygon POINTS="277 2787 269 2856 1989 2856 1996 2802 1996 2687 277 2671 277 2787"/></Shape>
	    <String CONTENT="a rendu le jugement dont la teneur suit:" HPOS="269" VPOS="2671" WIDTH="1727" HEIGHT="185" WC="0.9912997350096703"/>
          </TextLine>

          
          
          <TextLine ID="textline_00019" TAGREFS="LT6926" BASELINE="388 3001 2367 2995 2367 2995 2504 3034 3540 3050" HPOS="377" VPOS="2787" WIDTH="3161" HEIGHT="323">
            <Shape><Polygon POINTS="385 2995 377 3041 693 3103 701 3110 763 3110 840 3110 917 3110 917 3103 925 3103 932 3103 994 3056 1025 3041 1403 3041 1434 3064 1457 3087 1464 3087 1472 3087 1480 3087 1727 3072 2151 3041 2220 3080 2251 3103 2258 3103 2266 3103 2274 3103 2282 3103 2336 3080 2451 3041 2575 3087 2613 3103 2621 3103 2629 3110 3531 3110 3538 3049 3531 2833 3261 2787 3253 2787 3045 2825 3022 2825 385 2802 385 2995"/></Shape>
	    <String CONTENT="CEJOURD'HUI Vingt-Neuf Janvier de l'an mil neuf cent quinze" HPOS="377" VPOS="2787" WIDTH="3161" HEIGHT="323"/>
          </TextLine>

          
          
          <TextLine ID="textline_00020" TAGREFS="LT6926" BASELINE="378 3119 3173 3144" HPOS="370" VPOS="2987" WIDTH="2798" HEIGHT="216">
            <Shape><Polygon POINTS="3153 3018 3076 3018 2999 3018 2968 3010 2621 3041 2343 3003 2336 3003 2328 3003 2243 3041 2135 3003 2127 3003 2120 3003 1464 3033 1310 2987 1302 2987 1295 2987 1256 2987 478 3026 416 2995 377 2995 377 3118 370 3164 3153 3203 3168 3141 3153 3018 3153 3018"/></Shape>
	    <String CONTENT="Le Conseil de guerre permanent de la X^e Armée" HPOS="370" VPOS="2987" WIDTH="2798" HEIGHT="216"/>
          </TextLine>

          
          
          <TextLine ID="textline_00021" TAGREFS="LT6926" BASELINE="281 3229 3199 3280" HPOS="269" VPOS="3118" WIDTH="2922" HEIGHT="231">
            <Shape><Polygon POINTS="2436 3141 2359 3141 2282 3141 2258 3133 1734 3133 1665 3133 1588 3133 1511 3133 1434 3133 1356 3133 1310 3126 1002 3126 971 3126 894 3126 817 3126 740 3126 663 3126 585 3126 508 3126 431 3126 424 3118 277 3118 277 3226 269 3311 3176 3349 3191 3272 3191 3149 2459 3141 2436 3141"/></Shape>
	    <String CONTENT="composé, conformément aux articles 33 et 34 du Code de justice militaire, de MM." HPOS="269" VPOS="3118" WIDTH="2922" HEIGHT="231"/>
          </TextLine>

          
          
          <TextLine ID="textline_00022" TAGREFS="LT6926" BASELINE="236 3425 3114 3445" HPOS="223" VPOS="3249" WIDTH="2884" HEIGHT="285">
            <Shape><Polygon POINTS="231 3418 223 3465 377 3518 385 3518 393 3518 400 3518 547 3480 593 3518 601 3518 609 3518 616 3518 956 3480 963 3480 1187 3526 1195 3526 1202 3526 1210 3526 1256 3488 1426 3488 2019 3488 2035 3495 2135 3534 2143 3534 2151 3534 3099 3503 3107 3441 3099 3311 1179 3249 1171 3249 231 3280 231 3418"/></Shape>
	    <String CONTENT="de Laage-Chef d'Escadrons du Service des Etapes" HPOS="223" VPOS="3249" WIDTH="2884" HEIGHT="285"/>
          </TextLine>

          
          
          <TextLine ID="textline_00023" TAGREFS="LT6926" BASELINE="4159 3483 4502 3491" HPOS="4147" VPOS="3357" WIDTH="347" HEIGHT="269">
            <Shape><Polygon POINTS="4155 3480 4147 3619 4479 3626 4494 3488 4494 3364 4155 3357 4155 3480"/></Shape>
	    <String CONTENT="Président;" HPOS="4147" VPOS="3357" WIDTH="347" HEIGHT="269"/>
          </TextLine>

          
          
          <TextLine ID="textline_00024" TAGREFS="LT6926" BASELINE="243 3678 2333 3697" HPOS="231" VPOS="3472" WIDTH="2097" HEIGHT="324">
            <Shape><Polygon POINTS="239 3672 231 3742 763 3742 786 3749 925 3788 932 3788 940 3788 948 3788 1025 3749 1071 3749 1626 3796 1634 3796 2320 3765 2328 3696 2328 3549 2120 3495 2112 3495 2104 3495 1511 3534 1403 3542 948 3542 932 3518 902 3495 902 3488 894 3488 886 3488 878 3488 871 3488 755 3518 709 3526 693 3518 639 3472 632 3472 624 3472 616 3472 239 3503 239 3672"/></Shape>
	    <String CONTENT="Cabis - Capitaine de Gendarmerie" HPOS="231" VPOS="3472" WIDTH="2097" HEIGHT="324"/>
          </TextLine>

          
          
          <TextLine ID="textline_00025" TAGREFS="LT6926" BASELINE="225 3902 3402 3941" HPOS="215" VPOS="3726" WIDTH="3185" HEIGHT="308">
            <Shape><Polygon POINTS="223 3896 215 3980 1457 3965 1727 4011 1750 4011 1757 4011 1834 4011 2675 3980 2821 4027 2837 4027 2844 4027 2852 4034 3392 4034 3400 3934 3384 3788 2474 3788 2374 3780 2127 3742 2120 3742 2112 3742 2043 3773 2027 3780 894 3780 863 3765 740 3726 732 3726 724 3726 223 3757 223 3896"/></Shape>
	    <String CONTENT="Delettre - Capitaine au 25 Régiment de Dragons" HPOS="215" VPOS="3726" WIDTH="3185" HEIGHT="308"/>
          </TextLine>

          
          
          <TextLine ID="textline_00026" TAGREFS="LT6926" BASELINE="205 4104 3750 4157" HPOS="192" VPOS="3927" WIDTH="3555" HEIGHT="308">
            <Shape><Polygon POINTS="200 4096 192 4150 3731 4235 3747 4150 3747 4034 3353 3988 3346 3988 3099 4019 3068 4019 3060 4019 2983 3965 2976 3965 2968 3965 2960 3965 2952 3965 2783 4011 2752 4019 2744 4011 2667 3957 2659 3957 2652 3957 2459 3957 2451 3957 2444 3957 2436 3957 2366 4004 2343 4011 1996 4011 1973 3996 1888 3950 1881 3950 1873 3950 1865 3950 1858 3950 1858 3957 1819 3996 1804 4004 1742 3988 1495 3942 1256 3942 1249 3942 1241 3942 1233 3942 1195 3980 1179 3988 1141 3980 925 3934 917 3934 909 3934 902 3934 848 3973 840 3973 585 3927 578 3927 200 3957 200 4096"/></Shape>
	    <String CONTENT="de Boisredon - Lieutenant au 15 Régiment de Dragons" HPOS="192" VPOS="3927" WIDTH="3555" HEIGHT="308"/>
          </TextLine>

          
          
          <TextLine ID="textline_00027" TAGREFS="LT6926" BASELINE="176 4303 4018 4350" HPOS="161" VPOS="4127" WIDTH="3855" HEIGHT="346">
            <Shape><Polygon POINTS="169 4296 161 4381 701 4365 778 4404 832 4442 840 4442 848 4442 855 4450 1279 4450 1279 4442 1287 4442 1295 4442 1295 4435 1318 4419 1372 4373 1565 4427 1595 4427 1603 4427 1611 4427 1626 4427 1811 4381 2035 4435 2151 4458 2158 4458 2166 4458 2235 4435 2413 4389 2644 4450 2721 4466 2729 4466 2737 4466 2983 4458 2991 4458 2999 4458 3122 4396 4001 4473 4016 4342 4009 4227 3199 4219 3191 4211 3091 4158 3083 4158 2852 4158 2844 4158 2837 4158 2829 4158 2829 4165 2775 4211 2767 4211 2659 4173 2652 4173 2644 4173 2374 4204 2366 4204 2251 4150 2243 4150 2235 4150 2228 4150 2112 4204 2104 4204 2097 4204 1888 4142 1881 4142 1873 4142 1488 4196 1464 4196 1457 4196 1302 4134 1295 4134 1287 4134 1002 4188 824 4127 817 4127 809 4127 531 4181 454 4127 447 4127 439 4127 254 4127 246 4127 239 4127 231 4127 169 4158 169 4296"/></Shape>
	    <String CONTENT="Darmaillac - Maréchal-des-logis du 15 Régiment de Dragons" HPOS="161" VPOS="4127" WIDTH="3855" HEIGHT="346"/>
          </TextLine>

          
          
          <TextLine ID="textline_00028" TAGREFS="LT6926" BASELINE="4131 4157 4354 4160" HPOS="4101" VPOS="4004" WIDTH="255" HEIGHT="238">
            <Shape><Polygon POINTS="4124 4150 4140 4242 4356 4219 4348 4111 4317 4004 4101 4034 4124 4150"/></Shape>
	    <String CONTENT="Juges." HPOS="4101" VPOS="4004" WIDTH="255" HEIGHT="238" WC="0.980207363764445"/>
          </TextLine>

          
          
          <TextLine ID="textline_00029" TAGREFS="LT6926" BASELINE="259 4679 3466 4735" HPOS="246" VPOS="4504" WIDTH="3215" HEIGHT="285">
            <Shape><Polygon POINTS="254 4673 246 4727 346 4774 354 4774 362 4781 400 4781 478 4781 555 4781 632 4781 655 4781 655 4774 663 4774 670 4774 717 4735 986 4781 994 4789 1017 4789 3454 4789 3461 4727 3461 4543 3145 4543 3137 4543 3130 4543 3029 4596 2783 4543 2744 4535 2737 4535 2621 4543 2097 4581 1881 4543 1742 4519 1734 4519 1603 4543 1480 4566 1364 4543 1171 4504 1164 4504 1156 4504 1033 4543 1025 4550 254 4550 254 4673"/></Shape>
	    <String CONTENT="tous nommés par le (1) Général Commandant la X^e Armée" HPOS="246" VPOS="4504" WIDTH="3215" HEIGHT="285"/>
          </TextLine>

          
          
          <TextLine ID="textline_00030" TAGREFS="LT6926" BASELINE="269 4791 2687 4839" HPOS="254" VPOS="4681" WIDTH="2429" HEIGHT="208">
            <Shape><Polygon POINTS="724 4681 647 4681 570 4681 493 4681 416 4681 339 4681 262 4681 262 4789 254 4827 2667 4889 2683 4835 2675 4735 794 4681 724 4681"/></Shape>
	    <String CONTENT="M. Villers Capitaine Commissaire du Gouvernement;" HPOS="254" VPOS="4681" WIDTH="2429" HEIGHT="208"/>
          </TextLine>

          
          
          <TextLine ID="textline_00031" TAGREFS="LT6926" BASELINE="242 4893 2487 4956" HPOS="231" VPOS="4789" WIDTH="2251" HEIGHT="200">
            <Shape><Polygon POINTS="547 4797 470 4797 393 4797 316 4797 308 4789 239 4789 239 4889 231 4951 2467 4989 2482 4951 2482 4843 555 4797 547 4797"/></Shape>
	    <String CONTENT="M. Grimand Adjudant Commis Greffier près ledit Conseil;" HPOS="231" VPOS="4789" WIDTH="2251" HEIGHT="200"/>
          </TextLine>

          
          
          <TextLine ID="textline_00032" TAGREFS="LT6926" BASELINE="353 5021 4396 5093" HPOS="339" VPOS="4866" WIDTH="4055" HEIGHT="277">
            <Shape><Polygon POINTS="2582 4904 2505 4904 2474 4904 2428 4943 2282 4943 346 4912 346 5020 339 5058 4379 5143 4394 5089 4386 4897 2605 4866 2582 4904"/></Shape>
	    <String CONTENT="Lesquels ne se trouvent dans aucun des cas d'incompatibilité prévus par les articles 22, 23 et 24 du Code précités;" HPOS="339" VPOS="4866" WIDTH="4055" HEIGHT="277"/>
          </TextLine>

          
          
          <TextLine ID="textline_00033" TAGREFS="LT6926" BASELINE="340 5130 4909 5213" HPOS="331" VPOS="5020" WIDTH="4572" HEIGHT="231">
            <Shape><Polygon POINTS="4348 5089 4271 5089 4194 5089 4117 5089 4039 5089 3962 5089 3885 5082 3808 5082 3731 5082 3654 5082 3577 5082 3500 5082 3423 5074 3346 5074 3268 5074 3191 5074 3114 5074 3037 5066 2960 5066 2883 5066 2806 5066 2729 5066 2652 5066 2575 5058 2498 5058 2420 5058 2343 5058 2266 5058 2189 5058 2112 5051 2035 5051 1958 5051 1881 5051 1804 5051 1727 5051 1649 5043 1572 5043 1495 5043 1418 5043 1341 5043 1264 5043 1187 5035 1110 5035 1033 5035 956 5035 878 5035 801 5035 724 5028 647 5028 570 5028 493 5028 416 5028 339 5020 339 5128 331 5174 4888 5251 4903 5212 4895 5082 4348 5066 4348 5089"/></Shape>
	    <String CONTENT="Le Conseil, convoqué par l'ordre du commandant, conformément à l'article 111 du Code de justice militaire, s'est réuni dans" HPOS="331" VPOS="5020" WIDTH="4572" HEIGHT="231"/>
          </TextLine>

          
          
          <TextLine ID="textline_00034" TAGREFS="LT6926" BASELINE="265 5240 2283 5288" HPOS="254" VPOS="5112" WIDTH="2028" HEIGHT="247">
            <Shape><Polygon POINTS="801 5135 724 5135 647 5135 570 5135 493 5135 416 5135 339 5135 331 5112 262 5112 262 5236 254 5282 1603 5359 1611 5359 2274 5328 2282 5282 2274 5151 2035 5182 848 5135 801 5135"/></Shape>
	    <String CONTENT="le lieu ordinaire de ses séances, en audience publique (2)" HPOS="254" VPOS="5112" WIDTH="2028" HEIGHT="247"/>
          </TextLine>

          
          
          <TextLine ID="textline_00035" TAGREFS="LT6926" BASELINE="328 5358 5168 5469" HPOS="316" VPOS="5189" WIDTH="4849" HEIGHT="331">
            <Shape><Polygon POINTS="323 5351 316 5405 5150 5520 5165 5467 5157 5251 4579 5320 4356 5243 4325 5236 4317 5236 4309 5236 4302 5236 4271 5243 4078 5328 3939 5243 3901 5220 3893 5220 3885 5220 3878 5220 3700 5243 3592 5259 3492 5243 3261 5205 3253 5205 3083 5243 3045 5212 3045 5205 3037 5205 3029 5205 2405 5189 2397 5189 2390 5189 2382 5189 2382 5197 2328 5243 2282 5282 323 5243 323 5351"/></Shape>
	    <String CONTENT="A l'effet de juger le soldat Salomé Henri Fidèle Joseph fils de Fidèle" HPOS="316" VPOS="5189" WIDTH="4849" HEIGHT="331"/>
          </TextLine>

          
          
          <TextLine ID="textline_00036" TAGREFS="LT6926" BASELINE="243 5469 1263 5487" HPOS="231" VPOS="5351" WIDTH="1025" HEIGHT="193">
            <Shape><Polygon POINTS="470 5359 393 5359 346 5351 239 5351 239 5467 231 5505 1241 5544 1256 5482 1249 5382 485 5359 470 5359"/></Shape>
	    <String CONTENT="et de Marie Pache" HPOS="231" VPOS="5351" WIDTH="1025" HEIGHT="193"/>
          </TextLine>

          
          
          <TextLine ID="textline_00037" TAGREFS="LT6926" BASELINE="1788 5505 3724 5573 5209 5585" HPOS="1773" VPOS="5405" WIDTH="3431" HEIGHT="223">
            <Shape><Polygon POINTS="1780 5497 1773 5574 5188 5628 5204 5582 5196 5467 1780 5405 1780 5497"/></Shape>
	    <String CONTENT=", né le 28 Décembre 1869 à Estaires, arrondissement d'Hazebrouck" HPOS="1773" VPOS="5405" WIDTH="3431" HEIGHT="223"/>
          </TextLine>

          
          
          <TextLine ID="textline_00038" TAGREFS="LT6926" BASELINE="234 5577 1212 5606" HPOS="223" VPOS="5474" WIDTH="987" HEIGHT="170">
            <Shape><Polygon POINTS="1156 5482 1079 5482 1002 5482 925 5482 848 5482 770 5482 693 5474 616 5474 539 5474 462 5474 385 5474 308 5474 231 5474 231 5574 223 5613 1195 5644 1210 5605 1202 5482 1156 5482"/></Shape>
	    <String CONTENT="département du Nord" HPOS="223" VPOS="5474" WIDTH="987" HEIGHT="170" WC="0.9807524147786593"/>
          </TextLine>

          
          
          <TextLine ID="textline_00039" TAGREFS="LT6926" BASELINE="2460 5640 3399 5621" HPOS="2451" VPOS="5528" WIDTH="941" HEIGHT="170">
            <Shape><Polygon POINTS="2459 5636 2459 5690 2536 5690 2613 5690 2690 5690 2767 5690 2844 5690 2875 5690 3376 5698 3392 5613 3369 5528 2451 5544 2459 5636"/></Shape>
	    <String CONTENT=", profession de mineur" HPOS="2451" VPOS="5528" WIDTH="941" HEIGHT="170"/>
          </TextLine>

          
          
          <TextLine ID="textline_00040" TAGREFS="LT6926" BASELINE="246 5692 5118 5772" HPOS="231" VPOS="5528" WIDTH="4880" HEIGHT="285">
            <Shape><Polygon POINTS="4965 5582 4942 5582 4864 5582 4787 5582 4710 5582 4633 5582 4556 5582 4479 5582 4402 5574 4325 5574 4248 5574 4171 5574 4093 5574 4016 5574 3939 5574 3862 5574 3785 5574 3708 5567 3631 5567 3554 5567 3523 5559 3415 5621 3392 5628 3037 5621 3014 5628 2937 5628 2860 5628 2783 5628 2706 5636 2629 5636 2551 5636 2474 5636 2459 5621 2459 5621 2444 5605 2366 5544 2359 5544 2351 5544 1649 5528 1642 5528 1249 5536 1241 5536 1187 5559 1164 5605 1087 5605 1009 5605 932 5597 855 5597 778 5597 701 5590 624 5590 547 5590 485 5582 239 5582 239 5690 231 5744 5096 5813 5111 5767 5111 5636 4972 5582 4965 5582"/></Shape>
	    <String CONTENT="résidant, avant son entrée au service, à Noyelle-les-Vermelles, arrondissement de Béthune (Pas-de-Calais)" HPOS="231" VPOS="5528" WIDTH="4880" HEIGHT="285"/>
          </TextLine>

          
          
          <TextLine ID="textline_00041" TAGREFS="LT6926" BASELINE="342 5817 4384 5886" HPOS="331" VPOS="5698" WIDTH="4048" HEIGHT="231">
            <Shape><Polygon POINTS="2806 5721 2729 5721 2652 5721 2621 5713 2205 5713 2189 5713 2112 5713 2035 5713 1958 5713 1881 5713 1834 5705 1580 5705 1572 5705 1495 5705 1418 5705 1341 5705 1264 5705 1187 5705 1110 5705 1040 5698 956 5698 956 5698 878 5698 801 5698 724 5698 647 5698 570 5698 493 5698 416 5698 339 5698 339 5813 331 5867 4363 5929 4379 5882 4363 5744 3939 5775 3508 5775 3469 5736 3469 5728 3461 5728 3454 5728 2829 5721 2806 5721"/></Shape>
	    <String CONTENT="Taille d'un mètre 690 millimètres, cheveux noirs, front bas" HPOS="331" VPOS="5698" WIDTH="4048" HEIGHT="231"/>
          </TextLine>

          
          
          <TextLine ID="textline_00042" TAGREFS="LT6926" BASELINE="247 5932 699 5940" HPOS="239" VPOS="5790" WIDTH="454" HEIGHT="192">
            <Shape><Polygon POINTS="632 5821 555 5821 478 5821 400 5821 377 5790 246 5790 246 5929 239 5982 686 5982 693 5936 686 5821 632 5821"/></Shape>
	    <String CONTENT="yeux buns" HPOS="239" VPOS="5790" WIDTH="454" HEIGHT="192" WC="0.9906719989246793"/>
          </TextLine>

          
          
          <TextLine ID="textline_00043" TAGREFS="LT6926" BASELINE="1799 5961 2390 5961" HPOS="1796" VPOS="5844" WIDTH="586" HEIGHT="169">
            <Shape><Polygon POINTS="2336 5852 2258 5852 2181 5852 2104 5844 2089 5844 2027 5844 1950 5844 1873 5844 1796 5844 1796 5959 1796 6006 2374 6013 2382 5959 2382 5852 2336 5852"/></Shape>
	    <String CONTENT=", nez droit" HPOS="1796" VPOS="5844" WIDTH="586" HEIGHT="169" WC="0.9790796691721136"/>
          </TextLine>

          
          
          <TextLine ID="textline_00044" TAGREFS="LT6926" BASELINE="3381 5989 4087 5995" HPOS="3369" VPOS="5875" WIDTH="717" HEIGHT="161">
            <Shape><Polygon POINTS="4070 5882 3993 5882 3978 5875 3376 5875 3376 5982 3369 6021 4070 6036 4086 5990 4078 5882 4070 5882"/></Shape>
	    <String CONTENT=", visage rond" HPOS="3369" VPOS="5875" WIDTH="717" HEIGHT="161"/>
          </TextLine>

          
          
          <TextLine ID="textline_00045" TAGREFS="LT6926" BASELINE="347 6048 2689 6081" HPOS="339" VPOS="5921" WIDTH="2344" HEIGHT="215">
            <Shape><Polygon POINTS="2274 5967 2197 5967 2120 5967 2043 5967 1966 5967 1888 5967 1811 5967 1796 5952 655 5921 655 5936 578 5936 501 5936 424 5936 346 5936 346 6044 339 6090 2667 6136 2683 6075 2675 5975 2336 5967 2274 5967"/></Shape>
	    <String CONTENT="Renseignements physionomiques complémentaires: Néant" HPOS="339" VPOS="5921" WIDTH="2344" HEIGHT="215"/>
          </TextLine>

          
          
          <TextLine ID="textline_00046" TAGREFS="LT6926" BASELINE="336 6158 2195 6194 3360 6194" HPOS="323" VPOS="6052" WIDTH="3030" HEIGHT="231">
            <Shape><Polygon POINTS="2644 6075 2567 6075 2490 6075 2413 6075 2336 6075 2258 6075 2181 6075 2104 6075 2027 6067 1950 6067 1873 6067 1796 6067 1719 6067 1642 6067 1565 6067 1495 6059 1333 6059 1333 6059 1256 6059 1179 6059 1102 6059 1025 6059 948 6059 909 6052 331 6052 331 6152 323 6206 2382 6275 2390 6275 2814 6244 2821 6244 2976 6283 2983 6283 2991 6283 3346 6244 3353 6190 3346 6075 2644 6067 2644 6075"/></Shape>
	    <String CONTENT="Marques particulières: Néant Veuf - Trois enfants" HPOS="323" VPOS="6052" WIDTH="3030" HEIGHT="231"/>
          </TextLine>

          
          
          <TextLine ID="textline_00047" TAGREFS="LT6926" BASELINE="246 6272 357 6268" HPOS="239" VPOS="6152" WIDTH="115" HEIGHT="185">
            <Shape><Polygon POINTS="346 6152 239 6152 239 6267 239 6337 354 6329 354 6267 354 6160 346 6152"/></Shape>
	    <String CONTENT="(3)" HPOS="239" VPOS="6152" WIDTH="115" HEIGHT="185" WC="0.9988943338394165"/>
          </TextLine>

          
          
          <TextLine ID="textline_00048" TAGREFS="LT6926" BASELINE="216 6467 2913 6529 5200 6518" HPOS="208" VPOS="6275" WIDTH="4988" HEIGHT="377">
            <Shape><Polygon POINTS="215 6460 208 6537 4541 6645 4548 6652 5034 6652 5034 6645 5042 6645 5188 6591 5196 6514 5173 6367 4556 6375 4425 6352 4271 6321 4263 6321 4140 6344 4032 6367 3978 6344 3908 6314 3901 6314 3654 6314 3646 6314 3639 6314 3631 6314 3600 6337 3561 6367 3353 6367 3091 6329 2898 6306 2891 6306 2883 6306 2806 6321 2683 6352 2498 6321 2374 6298 2366 6298 2359 6298 2312 6314 2243 6337 1842 6306 1696 6298 1688 6298 1680 6298 1657 6306 1541 6337 1380 6298 1302 6283 1295 6283 1287 6283 1279 6283 1264 6298 1225 6337 917 6337 832 6290 817 6283 809 6283 801 6283 794 6283 778 6290 670 6329 562 6283 531 6275 524 6275 516 6275 215 6275 215 6460"/></Shape>
	    <String CONTENT="R.A.T. de la classe 1889 du 8^e Régiment Territorial d'+" HPOS="208" VPOS="6275" WIDTH="4988" HEIGHT="377"/>
          </TextLine>

          
          
          <TextLine ID="textline_00049" TAGREFS="LT6926" BASELINE="184 6616 3153 6692" HPOS="169" VPOS="6491" WIDTH="2976" HEIGHT="300">
            <Shape><Polygon POINTS="177 6614 169 6714 2737 6737 2744 6745 2837 6791 2844 6791 2852 6791 3137 6745 3145 6691 3145 6575 2821 6521 2814 6521 2621 6560 2598 6560 2590 6560 2521 6514 2513 6514 2505 6514 2498 6514 2266 6552 2235 6552 2189 6545 1927 6498 1919 6498 1680 6537 1642 6537 1619 6529 1503 6491 1495 6491 1488 6491 177 6491 177 6614"/></Shape>
	    <String CONTENT="affecté au Bataillon de Génie des Etapes" HPOS="169" VPOS="6491" WIDTH="2976" HEIGHT="300" WC="0.9896881835801261"/>
          </TextLine>

          
          
          <TextLine ID="textline_00050" TAGREFS="LT6926" BASELINE="179 7134 5106 7199" HPOS="169" VPOS="6968" WIDTH="4934" HEIGHT="323">
            <Shape><Polygon POINTS="177 7130 169 7207 1025 7245 1033 7245 1040 7245 1094 7222 1125 7207 1210 7222 1403 7253 1410 7253 1727 7222 1865 7214 1996 7230 2266 7261 2274 7261 2282 7261 2366 7230 2405 7222 2929 7222 2937 7238 2968 7261 2968 7268 2976 7268 2983 7268 2991 7268 3161 7238 3222 7230 3238 7238 3299 7276 3307 7276 3315 7276 3322 7276 3631 7245 3700 7238 3731 7245 3870 7284 3878 7284 3885 7284 4363 7253 4471 7245 4487 7253 4564 7291 4571 7291 4579 7291 5096 7253 5103 7191 5103 7053 5042 7022 5034 7022 5026 7022 5019 7022 5011 7022 4918 7068 4911 7076 4633 7076 4602 7060 4464 7014 4456 7014 4448 7014 4024 7053 3885 7060 3793 7045 3569 7007 3561 7007 3392 7037 3330 7053 3307 7037 3276 7007 3268 7007 3261 7007 3253 7007 3245 7007 3238 7007 3199 7037 3176 7053 2652 7053 2220 7045 2158 7022 2035 6983 2027 6983 1750 6983 1742 6983 1734 6983 1727 6983 1727 6991 1703 7014 1680 7037 1426 7037 1372 7007 1295 6976 1287 6976 1279 6976 1272 6976 1264 6976 1225 7007 1187 7030 809 7030 747 6999 686 6968 678 6968 670 6968 177 6983 177 7130"/></Shape>
	    <String CONTENT="Accusé de désertion à l'intérieur sur un territoire en état de guerre" HPOS="169" VPOS="6968" WIDTH="4934" HEIGHT="323" WC="0.9806815788552568"/>
          </TextLine>

          
          
          <TextLine ID="textline_00051" TAGREFS="LT6926" BASELINE="1148 7709 3519 7721" HPOS="1133" VPOS="7422" WIDTH="2382" HEIGHT="432">
            <Shape><Polygon POINTS="1141 7707 1133 7846 1665 7854 1673 7854 1680 7854 1711 7838 1834 7792 2104 7838 2135 7838 2143 7838 2151 7838 2158 7838 2235 7769 2374 7807 2382 7807 2390 7807 2613 7769 2675 7815 2683 7815 2690 7815 2698 7815 3346 7769 3492 7815 3515 7715 3508 7576 3184 7569 3176 7561 2937 7492 2929 7492 2922 7492 2914 7492 2775 7538 2659 7461 2652 7461 2644 7461 2636 7461 2629 7461 2621 7461 2528 7538 2505 7561 2205 7561 2135 7522 2112 7507 2104 7507 2097 7507 2089 7507 2081 7507 2027 7522 1888 7569 1827 7515 1711 7422 1703 7422 1696 7422 1264 7422 1256 7422 1249 7422 1141 7476 1141 7707"/></Shape>
	    <String CONTENT="Condamnations Antérieures" HPOS="1133" VPOS="7422" WIDTH="2382" HEIGHT="432"/>
          </TextLine>

          
          
          <TextLine ID="textline_00052" TAGREFS="LT6926" BASELINE="2108 7940 2644 7935" HPOS="2097" VPOS="7723" WIDTH="539" HEIGHT="308">
            <Shape><Polygon POINTS="2104 7938 2104 8031 2636 7984 2636 7931 2613 7753 2390 7784 2336 7769 2212 7723 2205 7723 2197 7723 2189 7723 2097 7769 2104 7938"/></Shape>
	    <String CONTENT="Néant" HPOS="2097" VPOS="7723" WIDTH="539" HEIGHT="308" WC="0.9923215210437775"/>
          </TextLine>

          
        </TextBlock>
        
        <TextBlock HPOS="93.0" VPOS="8190.0" WIDTH="4884.0" HEIGHT="441.0" ID="textblock_00007" TAGREFS="BT21627">
          <Shape><Polygon POINTS="93 8190 4977 8190 4977 8631 93 8631 93 8190"/></Shape>
          
          
          <TextLine ID="textline_00053" TAGREFS="LT6926" BASELINE="299 8216 1416 8241 4847 8263" HPOS="285" VPOS="8192" WIDTH="4556" HEIGHT="116">
            <Shape><Polygon POINTS="4764 8192 4687 8192 4610 8192 4533 8192 4456 8192 4379 8192 4302 8192 4225 8192 4147 8192 4070 8192 3993 8192 3916 8192 3839 8192 3762 8192 3685 8192 3608 8192 3531 8192 3454 8192 3376 8192 3299 8192 3222 8192 3145 8192 3068 8192 2991 8192 2914 8192 2837 8192 2760 8192 2683 8192 2605 8192 2528 8192 2451 8192 2374 8192 2297 8192 2220 8192 2143 8192 2066 8192 1989 8192 1912 8192 1834 8192 1757 8192 1680 8192 1603 8192 1526 8192 1449 8192 1372 8192 1295 8192 1218 8192 1141 8192 1063 8192 986 8192 909 8192 832 8192 755 8192 678 8192 601 8192 524 8192 447 8192 370 8192 292 8192 292 8215 285 8254 4826 8308 4841 8262 4834 8192 4764 8192"/></Shape>
	    <String CONTENT="(1) Le gouverneur civil ou militaire. - Le général commandant le corps d'armée (France). Le général commandant la division militaire, la division ou" HPOS="285" VPOS="8192" WIDTH="4556" HEIGHT="116" WC="0.9615611845049364"/>
          </TextLine>

          
          
          <TextLine ID="textline_00054" TAGREFS="LT6926" BASELINE="233 8273 622 8294 1407 8320 3886 8316" HPOS="223" VPOS="8208" WIDTH="3662" HEIGHT="161">
            <Shape><Polygon POINTS="3847 8239 3770 8239 3693 8239 3615 8239 3538 8239 3461 8239 3384 8239 3307 8231 3230 8231 3153 8231 3076 8231 2999 8231 2922 8231 2844 8231 2767 8231 2690 8231 2613 8231 2536 8231 2459 8231 2382 8231 2305 8231 2228 8231 2151 8231 2073 8231 1996 8231 1919 8231 1842 8231 1765 8223 1688 8223 1611 8223 1534 8223 1457 8223 1380 8223 1302 8223 1225 8223 1148 8223 1071 8223 994 8223 917 8223 840 8223 763 8223 686 8223 609 8223 531 8223 454 8223 377 8223 308 8223 277 8208 231 8269 223 8339 3870 8369 3885 8316 3878 8239 3847 8239"/></Shape>
	    <String CONTENT="la brigade d'occupation, etc... – ou le ministre de la guerre, selon les cas prévus par l'article 8 du Code de justice militaire." HPOS="223" VPOS="8208" WIDTH="3662" HEIGHT="161" WC="0.9769159846418486"/>
          </TextLine>

          
          
          <TextLine ID="textline_00055" TAGREFS="LT6926" BASELINE="311 8380 1242 8416 4840 8425" HPOS="300" VPOS="8285" WIDTH="4534" HEIGHT="169">
            <Shape><Polygon POINTS="3854 8316 3777 8316 3700 8316 3623 8316 3546 8316 3469 8316 3392 8316 3315 8316 3238 8316 3161 8316 3083 8316 3006 8308 2929 8308 2852 8308 2775 8308 2698 8308 2621 8308 2544 8308 2467 8308 2390 8308 2312 8308 2235 8300 2158 8300 2081 8300 2004 8300 1927 8300 1850 8300 1773 8300 1696 8300 1619 8300 1541 8300 1464 8300 1387 8292 1310 8292 1233 8292 1156 8292 1079 8292 1002 8292 925 8292 848 8292 770 8292 693 8292 616 8292 555 8285 308 8285 308 8377 300 8423 377 8431 377 8431 4818 8454 4834 8423 4826 8316 3854 8308 3854 8316"/></Shape>
	    <String CONTENT="(2) Si le huis clos a été ordonné, le dire en visant l'article 113 du Code de justice militaire; il ne peut être ordonné que pour les débats, et tous les jugements" HPOS="300" VPOS="8285" WIDTH="4534" HEIGHT="169" WC="0.980398377518595"/>
          </TextLine>

          
          
          <TextLine ID="textline_00056" TAGREFS="LT6926" BASELINE="235 8439 631 8470 631 8470 1315 8487" HPOS="223" VPOS="8346" WIDTH="1087" HEIGHT="201">
            <Shape><Polygon POINTS="1079 8385 1002 8385 925 8385 848 8385 770 8385 693 8385 616 8385 539 8385 462 8385 385 8385 308 8385 277 8346 231 8346 231 8431 223 8508 1295 8547 1310 8485 1310 8393 1125 8385 1079 8385"/></Shape>
	    <String CONTENT="doivent être prononcés publiquement." HPOS="223" VPOS="8346" WIDTH="1087" HEIGHT="201" WC="0.9923931615693229"/>
          </TextLine>

          
          
          <TextLine ID="textline_00057" TAGREFS="LT6926" BASELINE="308 8553 1081 8585 3370 8590" HPOS="292" VPOS="8439" WIDTH="3077" HEIGHT="208">
            <Shape><Polygon POINTS="1295 8485 1218 8485 1141 8485 1063 8485 994 8485 917 8477 840 8477 763 8477 686 8477 609 8470 531 8462 454 8454 377 8446 300 8439 300 8547 292 8631 3353 8647 3369 8585 3361 8477 1318 8446 1295 8485"/></Shape>
	    <String CONTENT="(3) Indiquer le crime ou le délit sur lequel l'accusé a été traduit devant de Conseil de guerre (art. 140)." HPOS="292" VPOS="8439" WIDTH="3077" HEIGHT="208" WC="0.9633041653992995"/>
          </TextLine>

          
        </TextBlock>
        
        <TextBlock HPOS="211.0" VPOS="8711.0" WIDTH="826.0" HEIGHT="221.0" ID="textblock_00008" TAGREFS="BT21628">
          <Shape><Polygon POINTS="211 8711 1037 8711 1037 8932 211 8932 211 8711"/></Shape>
          
          
          <TextLine ID="textline_00058" TAGREFS="LT6926" BASELINE="326 8784 965 8816" HPOS="316" VPOS="8716" WIDTH="647" HEIGHT="162">
            <Shape><Polygon POINTS="940 8716 863 8716 786 8716 709 8716 632 8716 555 8716 478 8716 400 8716 323 8716 323 8778 316 8847 948 8878 963 8808 963 8716 940 8716"/></Shape>
	    <String CONTENT="FORMULE N^o 16." HPOS="316" VPOS="8716" WIDTH="647" HEIGHT="162" WC="0.9822147190570831"/>
          </TextLine>

          
        </TextBlock>
        

        
      </PrintSpace>
    </Page>
  </Layout>
</alto>