5778 9240
485.0 2025.0 4522.0 285.0 Les voix recueillies séparément, conformément à l'article 131 du Code de justice militaire, ou commençant par le grade inférieur

392.0 2209.0 3020.0 201.0 le Président ayant émis son opinion le dernier, le Conseil de guerre permanent déclare

377.0 2779.0 5100.0 339.0 A la majorité de trois voix contre deux l'accusé n'est pas coupable

469.0 3950.0 4554.0 238.0 Sur quoi, et attendu les conclusions prises par le Commissaire du Gouvernement dans ses réquisitions, le Président a lu le texte

377.0 4111.0 4630.0 239.0 de la loi, recueilli de nouveau les voix dans la forme prescrite par les articles 131 et 134 du Code de militaire pour l'appli-

377.0 4219.0 609.0 177.0 cation de la peine

462.0 4327.0 3790.0 208.0 Le Conseil est rentré en séance publique, le Président a lu les motifs que précèdent et le dispositif ci-dessous.

462.0 4450.0 4815.0 247.0 En conséquence, le Conseil (1) acquitté le sieur Fontaine Joseph

285.0 4550.0 4745.0 316.0 Adolphe susqualifié, de l'accusation dirigée contre lui et le

315.0 4727.0 4800.0 316.0 Président ordonne qu'il soit mis en liberté s'il n'est retenu pour

300.0 4943.0 4622.0 254.0 autre cause conformément à l'article 135 du Code de Justice

300.0 5105.0 1348.0 223.0 Militaire ainsi conçu

323.0 5266.0 5023.0 209.0 Article 136 du Code de Justice Militaire: « Si l'accusé n'est pas reconnu coupable

277.0 5436.0 4969.0 215.0 le Conseil prononce son acquittement et le Président ordonne qu'il soit mis

300.0 5597.0 3159.0 231.0 en liberté s'il n'est retenu pour autre cause

462.0 8531.0 4568.0 193.0 (1) Avoir soin de spécifier, s'il y a lieu, après t'indication de la peine infligée, la décision motivée du Conseil relative à ma non-imputation pour tout ou

368.0 8638.0 2058.0 163.0 partie de la détention préventive sur la durée de la peine prononcée.
