6362 9397
1559 407 4599 203 La séance ayant été ouverte, le Président a fait apporter et déposer devant lui, sur le bureau, un exemplaire du Code du justice

1465 509 4661 219 militaire, du Code d'instruction criminelle et du code pénal ordinaire, et ordonné à la garde d'amener l'accusé, qui a

1457 642 4701 188 été introduit, libre et sans fers, devant le Conseil, accompagné de son défenseur le Lieutenant Laporte

1410 775 3439 289 attaché de 1^er à l'Intendance, désigné d'office

1559 1252 4567 329 Interrogé de ses nom, prénoms, âge, lieu de naissance, état profession et domicile l'accusé

1606 1464 4450 266 à répondu se nommer Monet Alfred Auguste, âgé de vingt-trois ans

1433 1597 4592 313 né à Paris (XII^e), Seine, Marié, profession de garçon boucher,

1386 1793 4584 266 domicilié à Charenton (Seine) actuellement soldat réserviste au

1402 1973 2491 305 44^e Bataillon de chasseurs à pied

1543 2811 4607 266 Le Président, après avoir fait lire par le greffier de convocation, le rapport prescrit par l'article 108 du Code de justice

1457 2952 4489 235 militaire, et les pièces dont la lecture lui a paru nécessaire, a fait connaître a l'accusé les faits à raison desquels il est

1449 3077 4004 227 poursuivi, et lui a donné, ainsi qu'au défenseur, l'avertissement indiqué en l'article 121 dudit Code;

1551 3210 1927 196 Après quoi, il a procédé à l'interrogatoire de l'accusé

3580 3163 2492 219 et a fait entendre publiquement et séparément les témoins à charge

2264 3304 3909 212 ; lesdits témoins ayant au préalable prêté serment de parler sans haine et sans crainte, jure de dire toute la

1449 3476 979 165 vérité et rien que la vérité;

1559 3782 4591 250 Et le Président ayant, en outre, rempli à leur égard les formalités proscrites par las articles 317 et 319 du Code d'instruction

1472 3978 400 172 criminelle;

1551 4095 133 290 (2)

1559 4823 4434 282 Oui M. le Commissaire du Gouvernement en ses réquisitions tendant à ce que (3) le susnommé soit déclaré

1394 5019 4740 258 coupable de désertion à l'intérieur sur un territoire en état de guerre et subsidiairement,

1425 5191 4725 212 de faute contre la discipline et qu'il lui soit fait application de l'article 232 du

1363 5340 4779 259 Code de Justice Militaire et subsidiairement de l'article 271 du Code de

1402 5497 1003 274 Justice Militaire

1449 5685 4740 258 et l'accuse dans ses moyens de défense, tant par lui que par son défenseur, lesquels ont

1472 5865 4701 196 déclaré n'avoir rien à ajouter à leurs moyens de défense, et ont eu la parole les derniers, le Président a déclaré les débats terminés,

1465 5990 2350 212 et il a ordonné au défenseur et à l'accusé de se retirer.

1566 6327 2179 250 L'accusé a été reconduit par l'escorte à la prison

3815 6311 2351 235 le Commissaire du Gouvernement, le Greffier et les assistants dans

1480 6491 2037 196 l'auditoire de sont retirés sur l'invitation du Président (4);

3525 6468 2531 188 Le Tribunal s'est retiré dans la chambre des délibérations

1574 6570 4623 234 Le Conseil délibérant à huis clos, le Président a posé la question, conformément à l'article 132 du Code de justice

1488 6726 4591 188 militaire, ainsi qu'il suit: Le soldat réserviste Monet Alfred Auguste, du 44^eme

1433 6867 4811 243 Bataillon de chasseurs à pied, est-il coupable de désertion à l'intérieur

1496 7024 4325 258 pour s'être absenté, sans autorisation, du Dépôt des Eclopés

1465 7173 4661 242 d'Aubervillers la Courneuve, du 13 octobre 1914, jour de son

1465 7345 4544 243 arrivée au dit Dépôt jusqu'au 16 octobre 1914, jour où il a fait

1418 7541 4724 250 déclarer à la Gendarmerie de Maisons-Alfort qu'il était malade

1472 7729 1531 250 dans sa famille?

1574 7948 941 86 (1) Et à décharge (s'il y en a).

1574 7963 4607 165 (2) Indiquer si des témoins ont été entendus sans prestation de serment, et pour quel motif ; dire que les pièces de conviction, s'il y en a, ont été représentées.

1496 8050 4677 195 Indiquer, en outre, ses incidents qui ont pu ce produire, en ayant soin de préciser à quel moment du débat ils ont en lieu, ses conclusions des parties, les

1504 8151 4669 181 réquisitions du ministère public, les moyens de deiense présentés par l'accusé, et enfin le jugement motivé du Conseil. Dans le cas où le blanc laisse ici ne suf-

1496 8245 4670 173 firait pas pour insérer toutes ces mentions, on devra indiquer l'incident et le moment du débat il s'est produit, en ajoutant qu'il y a été statué par jugement

1496 8332 4677 195 séparé, lequel est joint et annexé au présent, et alors le jugement séparé doit indiquer la publicité de l'audience, se terminer par la même formule et être signé

1504 8433 4646 173 de la même manière que le jugement principal, en mentionnant qu'il y sera annexé comme en taisant partie. En cas de suspension d'audience et de remise au

1504 8543 2985 157 lendemain, la mention qui constate cette remise est signée par le Président et le Greffier seulement.

1574 8637 4082 180 (3) Indiquer si les réquisitions tendent à la déclaration de culpabilité et, dans ce cas, les articles de loi dont l'application est demandée.

1566 8739 3487 180 (4) S'il y a une chambre des délibérations, on mettra que le Tribunal s'est retiré dans la chambre des délibérations.

1880 8919 2349 156 Conseil de guerre. - N^o 967 de la Nomenclature générale. - Formule n^o 16.
