6458 9397
1638 391 4553 219 Enjoint au Commissaire du Gouvernement de faire donner immédiatement en sa présence lecture du présent jugement a ce

1536 532 2406 172 condamné devant la garde rassemblée sous les armes,

1551 595 4718 266 de avertir que la loi accorde un délai de trois jours francs pour ce pourvoir en cassation (1), ou de vingt-quatre heures.

1567 798 1129 180 pour se pourvoir en revision (2).

1630 963 3965 242 Fair, clos et jugé sans désemparer, en séance publique, à Hesdin, les jour, mois et an que dessus.

1638 1213 4624 212 En conséquence, LE PRÉSIDENT DE LA RÉPUBLIQUE MANDE et ORDONNE à tous huissiers sur ce requis de mettre ledit jugement à

1536 1323 4718 211 exécution; aux Procureurs généraux et aux Procureurs de la République près les tribunaux de première instance d'y tenir la

1536 1440 4232 220 main; à tous commandants et officiers de la force publique de prêter main-forte lorsqu'ils en seront légalement requis.

1630 1667 3323 196 En foi de quoi le présent jugement a été signé par les Membres du Conseil et par le Greffier.

5321 2200 1019 509 +

1638 2819 4741 203 L'an mil neuf cent quinze le Cinq février le présent jugement a été lu par nous, Greffier soussigné, au sieur Defrance

1402 2936 588 180 Paul Ernest

3252 2913 2986 195 averti par le Commissaire du Gouvernement que l'article 44 de la loi du 17 avril

1567 3038 4240 211 1906 accorde trois jours pour se pourvoir en cassation (1), ou que les articles 141 et 143 du Code de justice militaire

1559 3155 4491 204 accordent vingt-quatre heures pour se pourvoir en revision (2), lesquels commencent à courir de l'expiration du présent jour.

6105 3132 149 227 Cette

1551 3304 2234 212 lecture faite en présence de la garde rassemblée sous les armes.

2578 3476 1215 173 Le Commissaire du Gouvernement,

2688 3610 878 313 +

4929 3469 400 164 Le Greffier

4522 3508 1685 242 approuvant dix-huit mots rayés nuls

4921 3656 682 510 +

3409 4212 1003 212 EXÉCUTOIRE.

1645 4424 4734 540 Vu la procédure instruire contre le sieur Defrance Paul Ernest

1551 4855 1388 242 et les frais d'icelle dont le détail suit:

1935 5035 3433 195 1^o Coût du transport des pièces et objets pouvant servie à conviction ou à décharge................. ......

1943 5144 3441 188 2^o Honoraires des officiers de santé, médecins, chirurgiens civils, sages-femmes, experts, interprètes, traducteurs et

2061 5246 3323 165 autres, appelés en justice.................................................................

1927 5340 3449 165 3^o Indemnités accordées aux témoins civils et militaires..............................................

1943 5434 3441 172 4^o Frais de garde de scellés et ceux de mise en fourrière.............................................

1943 5536 3409 172 5^o Indemnités de route, de transport et de séjour, accordées aux membres des tribunaux militaires pour les dépla-

2084 5614 3300 180 cements auxquels l'instruction des procédures peut donner lieu, ainsi que toutes autres dépenses nécessitées

2092 5732 3292 164 de ce chef..............................................................................

1943 5818 3449 180 6^o Port des lettres et paquets pour l'instruction, sauf le port des lettres résultant de l'application de la loi du

2092 5927 3300 173 15 juin 1899............................................................................

1943 6021 3449 173 7^o Frais l'impression des arrêts, jugements et ordonnances de justice, quand il y a lieu..................

1920 6115 3456 157 8^o Prime de capture des contumax, des déserteurs et des insoumis......................................

1935 6186 3794 188 9^o Frais résultant de l'obtention des extraits du casier judiciaire......................................... 0.25

1912 6303 3683 188 10^o Prix du bulletin n^o 1 et du duplicata dudit (décret du 12 décembre 1899, art. 13)..................... 5

1904 6389 3495 181 11^o Coût des bulletins n^o 1 et du duplicata de ces bulletins établis par les greffiers des conseils de guerre au sujet

2116 6483 3542 173 des condamnations prononcées par ces conseils (décret du 12 décembre 1899, art. 13).................... 0.40

1904 6593 3746 165 12^o Frais de procédure ou coût du jugement........................................................ 12^f 00

1904 6687 3770 172 13^o Amende......................................................................................... 50.00

1920 6750 3801 211 14^o Décimes additionnels (en France)............................................................... 12.50

1904 6891 3488 156 15^o Frais fixes de procédure devant la Cour de cassation ou le Conseil de revision...........................

1912 6969 3707 204 16^o Frais fixes de procédure devant le Conseil de guerre jugeant en 2^e instance............................. 5

3158 7118 2625 274 TOTAL.................................................. 75^f 15

1685 7407 4584 212 Vu le dispositif du jugement définitif, l'article 139 du Code de justice militaire, le Président du - Conseil de guerre

1590 7509 4781 243 permanent de la X^e Armée liquide les frais dont l'état est ci-dessus à la somme de soixante-et-quinze francs

1590 7658 4687 157 quinze centimes du montant de laquelle il délivre le présent exécutoire, pour le recouvrement de

1598 7768 4546 203 ladite somme être poursuivi sur les biens présents et a venir du condamné, par les percepteurs des Contributions directes.

1692 7893 4577 180 En conséquence, LE PRÉSIDENT DE LA RÉPUBLIQUE MANDE ET ORDONNE à tous huissiers sur ce requis de mettre ledit jugement à

1590 7995 4679 188 exécution; aux Procureurs généraux et aux Procureurs de la République près les tribunaux de première instance d'y tenir la

1598 8120 4217 172 main; à tous commandants et officiers de la fore publique de prêter main-forte lorsqu'ils en seront légalement requis.

1692 8253 4123 259 Fait en la chambre du Conseil de guerre susdit, à Hesdin (P.d.C.), le 5 février 1915

1011 8332 3362 227 Le présent jugement a commencé à recevoir son exécution

1018 8496 3323 211 le cinq février mil neuf cent quinze pour compter du

1018 8606 2892 235 trente-et-un Janvier mil neuf cent quinze

1661 8700 1254 148 (1) En France, en Algérie et en Tunisie.

1661 8794 988 172 (2) Aux colonies et aux armées.

4631 8512 463 156 Le Président,

4498 8629 996 454 +

2460.0 8825.0 753.0 227.0 Le Greffier

2437.0 8942.0 784.0 329.0 +
