6520 9397
1684.0 430.0 4765.0 243.0 Enjoint au Commissaire du Gouvernement de faire donner immédiatement en sa présence lecture du présent jugement a l'acquitté

2437.0 587.0 1536.0 172.0 devant la garde rassemblée sous les armes,

1575.0 689.0 4702.0 172.0 de avertir que la loi accorde un délai de trois jours francs pour se pourvoir en cassation (1), ou de vingt-quatre heures

1575.0 822.0 1136.0 172.0 pour se pourvoir en revision (2).

1653.0 994.0 3965.0 282.0 Fait, clos et jugé sans désemparer, en séance publique, à Hesdin, les jour, mois et an que dessus.

1661.0 1252.0 4616.0 188.0 En conséquence, LE PRÉSIDENT DE LA RÉPUBLIQUE MANDE et ORDONNE à tous huissiers sur ce requis de mettre ledit jugement à

1575.0 1420.0 4694.0 146.0 exécution ; aux Procureurs généraux et aux Procureurs de la République près les tribunaux de première instance d'y tenir la

1543.0 1503.0 4224.0 196.0 main ; à tous commandants et officiers de la force publique de prêter main-forte lorsqu'ils en seront légalement requis.

1645.0 1691.0 3315.0 227.0 En foi de quoi le présent jugement a été signé par les Membres du Conseil et par le Greffier.

4310.0 1863.0 760.0 368.0 +

5266.0 1918.0 791.0 517.0 +

2703.0 1989.0 995.0 469.0 +

4216.0 2286.0 666.0 360.0 +

3056.0 2372.0 838.0 501.0 +

5297.0 2263.0 1128.0 618.0 +

1582.0 2858.0 4687.0 188.0 L'an mil neuf cent quinze le onze janvier le présent jugement à été lu par nous, Greffier soussigné, a l'acquitté

3259.0 2967.0 3018.0 173.0 averti par le Commissaire du Gouvernement que l'article 44 de la loi du 17 avril

1582.0 3085.0 4264.0 172.0 1906 accorde trois jours pour se pourvoir en cassation (1), ou que les articles 141 et 143 du Code de justice militaire

1551.0 3202.0 4467.0 157.0 accordent vingt-quatre heures pour se pourvoir en revision (2), lesquels commencent à courir de l'expiration du présent jour.

6073.0 3140.0 188.0 297.0 Cette

1543.0 3304.0 2249.0 188.0 lecture faite en présence de la garde rassemblée sous les armes.

2586.0 3492.0 1238.0 172.0 Le Commissaire du Gouvernement,

4937.0 3492.0 407.0 172.0 Le Greffier.

3432.0 4244.0 972.0 227.0 EXÉCUTOIRE.

1645.0 4604.0 4318.0 423.0 Vu sa procédure instruite contre sieur Fontaine Joseph Adolphe

1520.0 4886.0 1426.0 219.0 et les frais d'icelle dont le détail suit:

1935.0 5027.0 3425.0 211.0 1^o Coût du transport des pièces et objets pouvant servie à conviction ou à décharge................. ......

1927.0 5176.0 3441.0 172.0 2^o Honoraires des officiers de santé, médecins, chirurgiens civils, sages-femmes, experts, interprètes, traducteurs et

2068.0 5285.0 3300.0 149.0 autres, appelés en justice.................................................................

1927.0 5348.0 3448.0 188.0 3^o Indemnités accordées aux témoins civils et militaires..............................................

1919.0 5465.0 3449.0 157.0 4^o Frais de garde de scellés et ceux de mise en fourrière.............................................

1919.0 5575.0 3441.0 141.0 5^o Indemnités de route, de transport et de séjour, accordées aux membres des tribunaux militaires pour les dépla-

2092.0 5669.0 3268.0 149.0 cements auxquels l'instruction des procédures peut donner lieu, ainsi que toutes autres dépenses nécessitées

2076.0 5763.0 3299.0 141.0 de ce chef..............................................................................

1943.0 5833.0 3440.0 157.0 6^o Port des lettres et paquets pour l'instruction, sauf le port des lettres résultant de l'application de la loi du

2084.0 5959.0 3291.0 125.0 15 juin 1899............................................................................

1935.0 6037.0 3425.0 180.0 7^o Frais l'impression des arrêts, jugements et ordonnances de justice, quand il y a lieu..................

1912.0 6123.0 3456.0 188.0 8^o Prime de capture des contumax, des déserteurs et des insoumis......................................

1927.0 6241.0 3441.0 148.0 9^o Frais résultant de l'obtention des extraits du casier judiciaire.........................................

1896.0 6311.0 3464.0 180.0 10^o Prix du bulletin n^o 1 et du duplicata dudit (décret du 12 décembre 1899, art. 13).....................

1896.0 6429.0 3495.0 156.0 11^o Coût des bulletins n^o 1 et du duplicata de ces bulletins établis par les greffiers des conseils de guerre au sujet

2115.0 6523.0 3268.0 148.0 des condamnations prononcées par ces conseils (décret du 12 décembre 1899, art. 13)....................

1888.0 6601.0 3754.0 188.0 12^o Frais de procédure ou coût du jugement........................................................ 12^f 00

1896.0 6718.0 3487.0 149.0 13^o Amende.........................................................................................

1888.0 6804.0 3487.0 157.0 14^o Décimes additionnels (en France)...............................................................

1896.0 6898.0 3472.0 181.0 15^o Frais fixes de procédure devant la Cour de cassation ou le Conseil de revision...........................

1896.0 7000.0 3472.0 180.0 16^o Frais fixes de procédure devant le Conseil de guerre jugeant en 2^e instance.............................

3158.0 7165.0 2186.0 219.0 TOTAL..................................................

1653.0 7400.0 4592.0 227.0 Vu le dispositif du jugement définitif, l'article 139 du Code de justice militaire, le Président du Conseil de guerre

1551.0 7556.0 3480.0 188.0 permanent de la liquide les frais dont l'état est ci-dessus à la somme de

3307.0 7682.0 2954.0 180.0 du montant de laquelle il délivre le présent exécutoire, pour le recouvrement de

1488.0 7815.0 4624.0 156.0 ladite somme être poursuivi sur les biens présents et à venir d - condamné, par les percepteurs des Contributions directes.

1629.0 7944.0 4635.0 137.0 En conséquence, LE PRÉSIDENT DE LA RÉPUBLIQUE MANDE ET ORDONNE a tous huissiers sur ce requis de mettre ledit jugement à

1559.0 8076.0 4671.0 123.0 exécution; aux Procureurs généraux et aux Procureurs de la République près les tribunaux de première instance d'y tenir la

1519.0 8187.0 4248.0 145.0 main ; à tous commandants et officiers de la force publique de prêter main-forte lorsqu'ils en seront légalement requis.

1653.0 8261.0 4083.0 266.0 Fait en la Chambre du Conseil de guerre susdit, à Hesdin (Pas de Calais), le 11 Janvier 1915

1645.0 8715.0 1215.0 149.0 (1) En France, en Algérie et en Tunisie.

1575.0 8747.0 1011.0 234.0 (2) Aux colonies et aux armées.

4592.0 8527.0 470.0 149.0 Le Président,
