5778 9240
177 184 2966 208 à Aix Moulette (Pas-de-Calais)?

1741 323 3274 246 2^e question: Ladite désertion a-t-elle eu

169 492 3390 308 lieu sur un territoire en état de guerre?

377 2002 4530 238 Les voix recueillies séparément, conformément à l'article 131 du Code de justice militaire, ou commençant par le grade inférieur

277 2148 3598 200 le Président ayant émis son opinion le dernier, le Conseil de guerre permanent déclare

123 2602 4923 347 Sur la 1^re question: A l'unanimité, l'accuse n'est pas coupable

146 2864 3051 300 Sur la 2^e Question: A l'unanimité, non

377 3896 4553 231 Sur quoi, et attendu les conclusions prises par le Commissaire du Gouvernement dans ses réquisitions, le Président a lu le texte

292 4065 4669 170 de la loi, recueilli de nouveau les voix dans la forme prescrite par les articles 131 et 134 du Code de militaire pour l'appli-

285 4188 647 170 cation de la peine.

369 4227 3798 239 Le Conseil est rentré en séance publique, le Président a lu les motifs que précèdent et le dispositif ci-dessous.

377 4296 4861 293 En conséquence, le Conseil (1) acquitté le soldat Dequeker

184 4527 4815 247 Henri Louis Joseph, susqualifié, de l'accusation  dirigée

161 4704 4908 239 contre lui et le Président ordonne qu'il soit mis en liberté

184 4874 4877 246 s'il n'est retenu pour autre cause conformément à l'article 136

154 5035 2804 208 du Code de Justice Militaire ainsi conçu:

215 5189 4800 247 Article 136 du Code de Justice Militaire: « Si l'accusé n'est pas reconnu coupable

169 5343 4684 247 le conseil prononce son acquittement et le Président ordonne qu'il soit mis en

130 5505 2473 208 liberté s'il n'est retenu pour autre cause

354 8493 4576 154 (1) Avoir soin de spécifier, s'il y a lieu, après t'indication de la peine infligée, la décision motivée du Conseil relative à ma non-imputation pour tout ou

285 8577 2080 224 partie de la détention préventive sur la durée de la peine prononcée.
