6520 9397
1567.0 344.0 4694.0 258.0 La séance ayant été ouverte, le Président a fait apporter et déposer devant lui, sur le bureau, un exemplaire du Code du justice

1543.0 516.0 4710.0 196.0 militaire, du Code d'instruction criminelle et du code pénal ordinaire, et ordonné à la garde d'amener l'accusé, qui a

1488.0 618.0 4883.0 227.0 été introduit, libre et sans fers, devant le Conseil, accompagné de son défenseur Monsieur le Lieutenant

1567.0 790.0 4764.0 243.0 Laporte, attaché de 1^re classe à l'Intendance, désigné d'office

1645.0 1268.0 4647.0 305.0 Interrogé de ses nom, prénoms, âge, lieu de naissance, état profession et domicile l'accusé

1637.0 1527.0 4608.0 187.0 a répondu se nommer Stamens Florentin Joseph, âgé de quarante-six

1535.0 1657.0 4655.0 230.0 ans, né à Lille (Nord) Marié, profession da maraicher, domicilié

1528.0 1848.0 4741.0 211.0 à Lille, carrière de la Finquée (Nord) actuellement R A T de

1504.0 2020.0 4616.0 266.0 la clare 1888, du 8^e Territorial d'Infanterie, affecté au

1520.0 2239.0 1920.0 298.0 Bataillon du Génie des Etapes

1653.0 2811.0 4616.0 250.0 Le Président, après avoir fait lire par le greffier de convocation, le rapport prescrit par l'article 108 du Code de justice

1559.0 2975.0 4584.0 204.0 militaire, et les pièces dont la lecture lui a paru nécessaire, a fait connaître a l'accusé les faits à raison desquels il est

1543.0 3093.0 4013.0 219.0 poursuivi, et lui a donné, ainsi qu'au défenseur, l'avertissement indiqué en l'article 121 dudit Code;

1637.0 3226.0 1967.0 188.0 Après quoi, il a procédé à l'interrogatoire de l'accusé

3706.0 3194.0 2547.0 196.0 et a fait entendre publiquement et séparément les témoins à charge (1)

2405.0 3328.0 3879.0 203.0 ; lesdits témoins ayant au préalable prêté serment de parler sans haine et sans crainte, jure de dire toute la

1551.0 3461.0 964.0 188.0 vérité et rien que la vérité;

1637.0 3750.0 4624.0 282.0 Et le Président ayant, en outre, rempli à leur égard les formalités proscrites par las articles 317 et 319 du Code d'instruction

1559.0 3993.0 384.0 173.0 criminelle;

1649.0 4141.0 114.0 150.0 (2)

1645.0 4800.0 4506.0 344.0 Ouï M. le Commissaire du Gouvernement en ses réquisitions tendant à ce que (3) le susnommé soit

1504.0 5011.0 4616.0 235.0 déclaré coupable de désertion à l'intérieur sur un territoire en

1535.0 5184.0 4593.0 195.0 état de guerre et qu'il lui soit fait application des

1512.0 5324.0 3714.0 235.0 articles 231. 232. 234 du Code de Justice Militaire

1535.0 5661.0 4742.0 313.0 et l'accusé dans ses moyens de défense, tant par lui que par son défenseur, lesquels ont

1528.0 5888.0 4733.0 196.0 déclaré n'avoir rien à ajouter à leurs moyens de défense, et ont cu la parole les derniers, le Président a déclaré les débats terminés,

1535.0 6029.0 2367.0 188.0 et il a ordonné au défenseur et à l'accusé de se retirer.

1637.0 6374.0 2218.0 211.0 L'accusé a été reconduit par l'escorte à la prison

3902.0 6358.0 2367.0 204.0 le Commissaire du Gouvernement, le Greffier et les assistants dans

1551.0 6523.0 2045.0 180.0 l'auditoire se sont retirés sur l'invitation du Président (4);

3596.0 6507.0 2743.0 172.0 Le Tribunal s'est retiré dans la chambre des délibérations

1645.0 6601.0 4616.0 219.0 Le Conseil délibérant à huis dos, le Président a posé les questions, conformément, à l'article 132 du Code de justice

1575.0 6742.0 4537.0 196.0 militaire, ainsi qu'il suit: 1^re question : Le soldat Stamens Florentin Joseph

1551.0 6851.0 4726.0 251.0 RAT de la classe 1888, du 8^e Régiment Territorial d'Infanterie

1512.0 7008.0 4788.0 235.0 affecté au Bataillon de Génie des Etapes, est-il coupable de désertion

1504.0 7188.0 4741.0 157.0 à l'intérieur pour s'être absenté, sans autorisation, de son

1512.0 7298.0 4647.0 235.0 Corps à Isbergues (Pas-de-Calais), du 28 Décembre 1914,

1512.0 7439.0 4710.0 274.0 jour de l'absence constatée au 2 Janvier 1915, jour de son

1488.0 7603.0 4358.0 243.0 arrestation par la Gendarmerie à Steenbeque (Nord)?

2492.0 7752.0 3753.0 266.0 2 Question: Ladite désertion a-t-elle eu lieu

1645 7956 925 86 (1) Et à décharge (s'il y en a).

1666.0 8009.0 4603.0 142.0 (2) Indiquer si des témoins ont été entendus sans prestation de serment, et pour quel motif ; dire que les pièces de conviction, s'il y en a, ont été représentées.

1552.0 8095.0 4717.0 150.0 Indiquer, en outre, ses incidents qui ont pu ce produire, en ayant soin de préciser à quel moment du débat ils ont en lieu, ses conclusions des parties, les

1582.0 8212.0 4671.0 127.0 réquisitions du ministère public, les moyens de défense présentés par l'accusé, et enfin le jugement motivé du Conseil. Dans le cas où le blanc laisse ici ne suf-

1539.0 8290.0 4727.0 130.0 firait pas pour insérer toutes ces mentions, on devra indiquer l'incident et le moment du débat il s'est produit, en ajoutant qu'il y a été statué par jugement

1548.0 8398.0 4721.0 129.0 séparé, lequel est joint et annexé au présent, et alors le jugement séparé doit indiquer la publicité de l'audience, se terminer par la même formule et être signé

1575.0 8487.0 4736.0 142.0 de la même manière que le jugement principal, en mentionnant qu'il y sera annexé comme en taisant partie. En cas de suspension d'audience et de remise au

1582.0 8566.0 2986.0 165.0 lendemain, la mention qui constate cette remise est signée par le Président et le Greffier seulement.

1653.0 8660.0 4083.0 149.0 (3) Indiquer si les réquisitions tendent à la déclaration de culpabilité et, dans ce cas, les articles de loi dont l'application est demandée.

1642.0 8796.0 3506.0 146.0 (4) S'il y a une chambre des délibérations, on mettra que le Tribunal s'est retiré dans la chambre des délibérations.

1959.0 8942.0 2311.0 118.0 Conseil de guerre. - N^o 967 de la Nomenclature générale. - Formule n^o 16.
