5924 9240
415 2025 4499 277 Les voix recueillies séparément, conformément à l'article 131 du Code de justice militaire, en commenç̧ant par le grade inféirieur

323 2179 3012 208 le Président ayant émis son opinion le dernier, le Conseil de guerre permanent déclare

331 2671 3258 362 A l'unanimité, l'accusé est coupable

400 3919 4545 254 Sur quoi, et attendu les conclusions prises par le Commissaire du Gouvernement dans ses réquisitions, le Président a lu le texte

308 4096 4629 269 de la loi, recueilli de nouveau les voix dans la forme prescrite par les articles 131 et 134 du Code de justice militaire pour l'appli-

315 4211 655 178 cation de la peine.

408 4296 3759 208 Le Conseil est rentré en séance publique, le Président a lu les motifs qui précèdent et le dispositif ci-dessous.

400 4404 4992 254 En conséquence, le Conseil (1) le soldat Soulignac

261 4573 4846 285 Pascal, susqualifié, à la majorité de trois voix contre deux, à la

223 4750 5069 308 peine de Quinze jours de prison par application de

169 4920 5000 300 l'article 271 du Code de Justice Militaire. Le Conseil le condamne, en

200 5112 5169 278 outre, aux frais envers l'Etat et fixe au minimum la durée de la contrainte

231 5297 5153 300 par cops par application des articles 139 de Code le Justice Militaire et 9 de

215 5536 4892 200 la loi du 22 juillet 1867, tous articles vises lus par le Président en

207 5674 1934 247 audience publique et ainsi conçus:

238 5836 4784 277 Article 271 du Code de Justice militaire: «--- Toutefois l'autorité militaire peut

200 5998 4868 215 toujours, suivant la gravité des faits, déférer le jugement des contraventions de

184 6129 4823 262 police au Conseil de Guerre qui applique la peine détermine par le présent

200 6337 2403 184 article (deux mois de prison au minimum

184 6468 4792 269 Article 139 de Code de Justice Militaire: « Le jugement qui prononce un peine

177 6629 3050 231 contre l'accusé́ le condamne aux frais envers l'Etat

161 6799 4923 246 Article 9 de la loi du 22 Juillet 1867: « La durée de la contrainte par corps

146 6960 5069 270 est réglée ainsi qu'il suit: de deux jours à vingt jours lorsque l'amende

184 7099 3529 239 et les autres condamnations n'excèdent pas cinquante francs

354 8562 4583 139 (2) Avoir soin de spécifier, s'il y a lieu, après l'indication de la peine infligée, la décision motivée du Conseil relative à la non-imputation pour tout ou

269 8608 2065 200 partie de la détention préventive sur la durée de la peine prononcée.
