6593 9397
1756 469 4476 220 Enjoint au Commissaire du Gouvernement de faire donner immédiatement en sa présence lecture du présent jugement au

1685 602 2368 181 condamné devant la garde rassemblée sous les armes,

1654 689 4719 227 de avertir que la loi accorde un délai de trois jours francs pour se pourvoir en cassation (1), ou de vingt-quatre heures

1654 861 1121 188 pour se pourvoir en revision (2)

1748 994 3943 321 Fait, clos et jugé sans désemparer, en séance publique, à Hesdin, les jour, mois et an que dessus.

1740 1284 4633 227 En conséquence, LE PRÉSIDENT DE LA RÉPUBLIQUE MANDE et ORDONNE à tous huissiers sur ce requis de mettre ledit jugement à

1638 1393 4743 220 exécution; aux Procureurs généraux et aux Procureurs de la République près les tribunaux de première instance d'y tenir la

1638 1519 4249 211 main; à tous commandants et officiers de la force publique de prêter main-forte lorsqu'ils en seront légalement requis.

1732 1707 3324 235 En foi de quoi le présent jugement a été signé par les Membres du Conseil et par le Greffier.

4891.0 2161.0 651.0 470.0 +

2430.0 2294.0 1035.0 391.0 +

3496 2310 964 493 +

5762 2302 689 477 +

1528.0 2169.0 855.0 642.0 +

4742.0 2513.0 604.0 407.0 +

1748 2920 4500 181 L'an mil neuf cent quinze le Vingt Cinq février le présent jugement a été lu par nous, Greffier soussigné, au condamné

3370 3007 3019 187 averti par le Commissaire du Gouvernement que l'article 44 de la loi du 17 avril

1677 3132 4233 203 1906 accorde trois jours pour se pourvoir en cassation (1), ou que les articles 141 et 143 du Code de justice militaire

1661 3226 4500 203 accordent vingt-quatre heures pour se pourvoir en revision (2), lesquels commencent à courir de l'expiration du présent jour.

6193.0 3202.0 211.0 227.0 Cette

1654 3375 2257 203 lecture faite en présence de la garde rassemblee sous les armes.

2704 3555 1223 195 Le Commissaire du Gouvernement,

2853.0 3664.0 839.0 298.0 +

5025 3531 431 212 Le Greffier,

4586.0 3696.0 1803.0 274.0 approuvant quatorze mots rayés nuls

5025.0 3978.0 1113.0 493.0 +

3519 4299 1004 227 EXÉCUTOIRE.

1748 4604 4492 509 Vu la procédure instruite contre le canonnier Bec Victor Pierre

1646 4933 1403 196 et les frais d'icelle dont le détail suit:

2061 5066 3426 235 1^o Coût du transport des pièces et objets pouvant servie à conviction ou à décharge................. ......

2053 5230 3442 165 2^o Honoraires des officiers de santé, médecins, chirurgiens civils, sages-femmes, experts, interprètes, traducteurs et

2187 5332 3300 173 autres, appelés en justice.................................................................

2030 5426 3473 173 3^o Indemnités accordées aux témoins civils et militaires..............................................

2053 5520 3442 173 4^o Frais de garde de scellés et ceux de mise en fourrière.............................................

2046 5622 3433 164 5^o Indemnités de route, de transport et de séjour, accordées aux membres des tribunaux militaires pour les dépla-

2195 5708 3300 172 cements auxquels l'instruction des procédures peut donner lieu, ainsi que toutes autres dépenses nécessitées

2202 5810 3301 157 de ce chef..............................................................................

2053 5904 3450 196 6^o Port des lettres et paquets pour l'instruction, sauf le port des lettres résultant de l'application de la loi du

2202 5990 3324 188 15 juin 1899............................................................................

2053 6100 3434 172 7^o Frais l'impression des arrêts, jugements et ordonnances de justice, quand il y a lieu..................

2053 6194 3450 164 8^o Prime de capture des contumax, des déserteurs et des insoumis......................................

2053 6256 3842 204 9^o Frais résultant de l'obtention des extraits du casier judiciaire......................................... 0.25

2030 6389 3496 157 10^o Prix du bulletin n^o 1 et du duplicata dudit (décret du 12 décembre 1899, art. 13).....................

2022 6476 3504 188 11^o Coût des bulletins n^o 1 et du duplicata de ces bulletins établis par les greffiers des conseils de guerre au sujet

2242 6562 3535 172 des condamnations prononcées par ces conseils (décret du 12 décembre 1899, art. 13).................... 0.40

2030 6671 3747 165 12^o Frais de procédure ou coût du jugement........................................................ 12^f 00

2022 6765 3826 180 13^o Amende......................................................................................... 50.00

2022 6867 3857 172 14^o Décimes additionnels (en France)............................................................... 12.50

2030 6969 3488 157 15^o Frais fixes de procédure devant la Cour de cassation ou le Conseil de revision...........................

2030 7039 3669 212 16^o Frais fixes de procédure devant le Conseil de guerre jugeant en 2^e instance............................. 5

3292 7227 2713 267 TOTAL.................................................. 75^f 15

1795 7454 4625 235 Vu le dispositif du jugement définitif, l'article 139 du Code de justice militaire, le Président du - Conseil de guerre

1693 7580 4868 235 permanent de la X^e Armé liquide les frais dont l'état est ci-dessus à la somme de soixante et quinze francs

1646 7729 799 180 quinze centimes

3457 7713 2955 203 du montant de laquelle il délivre le présent exécutoire, pour le recouvrement de

1709 7830 4593 196 ladite somme être poursuivi sur les biens présents et à venir du condamné, par les percepteurs des Contributions directes.

1795 7948 4602 188 En conséquence, LE PRÉSIDENT DE LA REPUBLIQUE MANDE ET ORDONNE a tous huissiers sur ce requis de mettre ledit jugement à

1701 8065 4688 180 exécution; aux Procureurs généraux et aux Procureurs de la République près les tribunaux de première instance d'y tenir la

1716 8198 4234 180 main; à tous commandants et officiers de la forre publique de prêter main-forte lorsqu'ils en seront légalement requis.

1803 8300 4452 266 Fait eu la Chambre du Conseil de guerre susdit, à Hesdin (P.d.Calais), le 25 février 1915

1168 8394 3339 243 Le présent jugement a commencé à recevoir son exécution

1168 8543 3527 290 le vingt-cinq février mil neuf cent quinze pour compter

1183 8692 2336 211 du dix février mil neuf cent quinze

1787 8801 1199 126 (1) En France, en Algérie et en Tunisie.

1787 8864 956 172 (2) Aux colonies et aux armées.

2555.0 8809.0 917.0 580.0 +

2822 8833 525 517 Le Greffier

4758 8504 470 203 Le Président,

4805.0 8660.0 690.0 384.0 +
