6350 9397
1520.0 375.0 4822.0 243.0 Enjoint au Commissaire du Gouvernement de faire donner immédiatement en sa présence lecture du présent jugement au l'acquitté

1371.0 532.0 2446.0 172.0 aux condamnés devant la garde rassemblée sons les arrmes,

1434.0 649.0 4688.0 204.0 de avertir que la loi accorde un délai de trois jours francs pour se pourvoir en cassation (1), ou de vingt-quatre heures

1426.0 751.0 1098.0 196.0 pour se pourvoir en revision (2)

1513.0 947.0 3958.0 274.0 Fait, clos et jugé sans désemparer, en séance publique, à Hesdin, les jour, mois et an que dessus.

1513.0 1190.0 4630.0 219.0 En conséquence, LE PRÉSIDENT DE LA RÉPUBLIQUE MANDE et ORDONNE à tous huissiers sur ce requis de mettre ledit jugement à

1403.0 1391.0 4703.0 141.0 exécution ; aux Procureurs généraux et aux Procureurs de la République près les tribunaux de première instance d'y tenir la

1370.0 1505.0 4258.0 170.0 main; à tous commandants et officiers de la force publique de prêter main-forte lorsqu'ils en seront légalement requis.

1520.0 1644.0 3285.0 219.0 En foi de quoi le présent jugement a été signé par les Membres du Conseil et par le Greffier.

1528.0 1840.0 816.0 344.0 +

2602.0 1840.0 1176.0 344.0 +

1834.0 2067.0 666.0 321.0 +

3794.0 1840.0 1380.0 587.0 +

4876.0 1957.0 823.0 603.0 +

5667.0 2083.0 620.0 610.0 +

1481.0 2850.0 4821.0 133.0 L'an mil neuf cent quatre le vingt six décembre le présent jugement à été lu par nous, Greffier soussigné, a l'acquitté et aux

1371.0 2928.0 455.0 173.0 condamnés

3112.0 2936.0 2987.0 180.0 averti par le Commissaire du Gouvernement que l'article 44 de la loi du 17 avril

1395.0 3061.0 4241.0 165.0 1906 accorde trois jours pour se pourvoir en cassation (1), ou que les articles 141 et 143 du Code de justice militaire

1398.0 3179.0 4512.0 139.0 accordent vingt-quatre heures pour se pourvoir en revision (2), lesquels commencent à courir de l'expiration du présent jour.

5942.0 3163.0 157.0 219.0 Cette

1395.0 3281.0 2287.0 232.0 lecture faite en présence de la garde rassemblée sous les armes.

2422.0 3445.0 1239.0 196.0 Le Commissaire du Gouvernement,

2665.0 3610.0 1278.0 399.0 +

4774.0 3414.0 407.0 227.0 Le Greffier

4735.0 3594.0 415.0 438.0 +

3261.0 4205.0 964.0 227.0 EXÉCUTOIRE

1481.0 4549.0 4829.0 400.0 Vu sa procédure instruite contre le nommés Verpraët Marceau et Thiereau Ernest Louis

1371.0 4839.0 1388.0 235.0 et les frais d'icelle dont le détail suit:

1763.0 4996.0 3426.0 203.0 1^o Coût du transport des pièces et objets pouvant servie à conviction ou à décharge................. ......

1756.0 5160.0 3425.0 157.0 2^o Honoraires des officiers de santé, médecins, chirurgiens civils, sages-femmes, experts, interprètes, traducteurs et

1889.0 5246.0 3300.0 157.0 autres, appelés en justice.................................................................

1757.0 5340.0 3417.0 172.0 3^o Indemnités accordées aux témoins civils et militaires..............................................

1756.0 5426.0 3433.0 173.0 4^o Frais de garde de scellés et ceux de mise en fourrière.............................................

1748.0 5528.0 3433.0 157.0 5^o Indemnités de route, de transport et de séjour, accordées aux membres des tribunaux militaires pour les dépla-

1904.0 5622.0 3285.0 180.0 cements auxquels l'instruction des procédures peut donner lieu, ainsi que toutes autres dépenses nécessitées

1904.0 5732.0 3277.0 148.0 de ce chef..............................................................................

1763.0 5794.0 3426.0 204.0 6^o Port des lettres et paquets pour l'instruction, sauf le port des lettres résultant de l'application de la loi du

1904.0 5920.0 3270.0 156.0 15 juin 1899............................................................................

1740.0 5990.0 3449.0 165.0 7^o Frais l'impression des arrêts, jugements et ordonnances de justice, quand il y a lieu..................

1740.0 6123.0 3434.0 157.0 8^o Prime de capture des contumax, des déserteurs et des insoumis......................................

1756.0 6202.0 3763.0 156.0 9^o Frais résultant de l'obtention des extraits du casier judiciaire......................................... 0.50

1724.0 6295.0 3465.0 149.0 10^o Prix du bulletin n^o 1 et du duplicata dudit (décret du 12 décembre 1899, art. 13).....................

1724.0 6389.0 3661.0 149.0 11^o Coût des bulletins n^o 1 et du duplicata de ces bulletins établis par les greffiers des conseils de guerre au sujet

1936.0 6483.0 3567.0 157.0 des condamnations prononcées par ces conseils (décret du 12 décembre 1899, art. 13)....................10

1716.0 6562.0 3740.0 188.0 12^o Frais de procédure ou coût du jugement........................................................ 24^f 00

1724.0 6679.0 3747.0 180.0 13^o Amende......................................................................................... 200.00

1709.0 6750.0 3762.0 203.0 14^o Décimes additionnels (en France)............................................................... 50. 00

1716.0 6875.0 3450.0 164.0 15^o Frais fixes de procédure devant la Cour de cassation ou le Conseil de revision...........................

1724.0 6961.0 3638.0 227.0 16^o Frais fixes de procédure devant le Conseil de guerre jugeant en 2^e instance............................. 5

2971.0 7133.0 2500.0 298.0 TOTAL.................................................. 275,60

1481.0 8222.0 4516.0 274.0 Fait en la Chambre du Conseil de guerre susdit, à Hesdin (Pas-de-Calais), le 26 Décembre 1914

815.0 7212.0 615.0 195.0 dont la part

786.0 7353.0 563.0 195.0 affiante à

799.0 7462.0 510.0 180.0 Verpraet est

795.0 7588.0 443.0 195.0 de  : 12.80

759.0 7705.0 180.0 204.0 et à

768.0 7876.0 298.0 150.0 Thiereau

854.0 7893.0 423.0 258.0 262. 80

807.0 8057.0 462.0 353.0 275^f 60

799.0 8285.0 353.0 289.0 R A

799.0 8332.0 674.0 422.0 +

1458.0 8707.0 1215.0 110.0 (1) En France, en Algérie et en Tunisie.

1458.0 8739.0 948.0 172.0 (2) Aux colonies et aux armées.

1254.0 8817.0 2924.0 196.0 décembre mil  neuf cent quatorze pour comptes du

1277.0 8919.0 2837.0 202.0 dix-huit décembre mil neuf cent quatorze

2571.0 9036.0 415.0 306.0 Le Greffier

3074.0 9036.0 594.0 298.0 +

4390.0 8527.0 846.0 407.0 +

1489.0 7360.0 4578.0 251.0 Vu le dispositif du jugement définitif, l'article 139 du Code de justice militaire, le Président du - Conseil de guerre

1371.0 7509.0 4908.0 196.0 permanent de la X^e Armée liquide les frais dont l'état est ci-dessus à la somme de deux cent soixante et quinze

1285.0 7627.0 4774.0 203.0 francs soixante centimes x du montant de laquelle il délivre le présent exécutoire, pour le recouvrement de

1367.0 7793.0 4575.0 163.0 ladite somme être poursuivi sur les biens présents et à venir des condamnés, par les percepteurs des Contributions directes.

1445.0 7901.0 4685.0 172.0 En conséquence, LE PRÉSIDENT DE LA RÉPUBLIQUE MANDE ET ORDONNE a tous huissiers sur ce requis de mettre ledit jugement à

1371.0 7963.0 4704.0 220.0 exécution; aux Procureurs généraux et aux Procureurs de la République près les tribunaux de première instance d'y tenir la

1371.0 8097.0 4234.0 195.0 main ; à tous commandants et officiers de la force publique de prêter main-forte lorsqu'ils en seront légalement requis.

1516.0 8347.0 2568.0 243.0 Le présent jugement a commencé à recevoir son

1254.0 8519.0 2767.0 259.0 exécution pour tous deux (condamnés)  le Vingt-six

4390.0 8394.0 478.0 251.0 Le Président,
