5901 9301
387 410 1125 248 N^o DU JUGEMENT: 11

705 821 295 163 (Art. 140

418 891 892 186 du Code de justice militaire.)

434 1139 822 225 MINUTE DE JUGEMENT.

1767 596 1784 210 RÉPUBLIQUE FRANÇAISE.

2140 1317 1015 310 JUGEMENT

736 1550 3893 279 rendu par le CONSEIL DE GUERRE permanent de la X^e Armée

2039 1782 2970 326 séant à Hesdin (Pas-de-Calais)

3760 1317 1202 217 11 Novembre 1914

4311 480 271 140 N^o 967

3954 503 969 295 DE LA NOMENCLATURE GÉNÉRALE.

4086 736 713 194 [FORMULE N^o 16.]

4001 945 868 194 N^o 11 D'ORDRE.

4032 1201 814 139 Date du crime ou du délit.

2039 2255 1264 264 AU NOM DU PEUPLE FRANÇAIS.

457 2433 3272 279 Le - Conseil de guerre permanent de la X^e Armée

325 2681 1722 194 a rendu le jugement dont la teneur suit:

426 2829 3381 255 CEJOURD'HUI dix huit novembre an mil neuf cent quatorze

426 3030 3109 178 Le Conseil de guerre permanent de la X^e Armée

356 3154 2931 147 composé, conformément aux articles 35 et 34 du Code de justice militaire, de MM.

325 3247 2986 271 Robert Lieutenant Colonel du Service du Génie

4241 3278 318 287 Président

348 3487 2614 303 Migette Chef d'escadrons de Gendarmerie

310 3704 2272 272 Cabis Capitaine de Gendarmerie

294 3890 3203 318 de Boisredon Lieutenant au 15^e Régiment de Dragons

317 4100 3056 333 Darmaillac Maréchal des Logis au 15^e Régiment de Dragons

4210 3921 240 303 Juges.

341 4456 4032 303 tous nommés par le (1) Général Commandant la X^e Armée

348 4697 2435 170 M. Villers Capitaine Commissaire du Gouvernement;

364 4813 2233 178 M. Laval sergent Greffier près ledit Conseil;

457 4859 4055 225 Lesquels ne se trouvent dans aucun des cas d'incompatibilité prévus par les articles 22, 23 et 24 du Code précités;

356 4991 4645 217 Le Conseil, convoqué par l'ordre du commandant, conformément à l'article 111 du Code de justice militaire, s'est réuni dans

364 5154 1985 155 le lieu ordinaire de ses séances, en audience publique (2

434 5193 4032 232 A l'effet de juger le sieur Lequien Ernest fil de Ernest

333 5317 4916 232 fils de Maznel Elisabeth né le 8 Juin 1869 à Vacqueriette, arrondissement de St Pol

348 5487 4575 155 département du Pas-de-Calais, profession de ouvrier ramasseur de cailloux

372 5588 4769 194 résidant, avant son entrée au service, à Caumont de Montreuil  (Pas-de-Calais)

465 5720 636 162 Taille d'un mètre

1395 5720 287 162 680

2023 5704 1598 171 millimètres, cheveux chatains roux

3962 5681 271 186 , front

356 5813 543 193 yeux bleus

1915 5813 938 186 , nez base abaissée

3597 5813 714 201 visage ovale

441 5937 3715 201 Renseignements physionomiques complémentaires : bouche moyenne, - menton pointu

465 6061 791 178 Marques particulières:

1682 6061 527 201 Néant

3062 6076 396 186 Marié

3722 6068 713 217 Neuf enfants

341 6146 170 201 (3)

372 6378 4489 388 Accusé d'injures envers un agent dépositaire de l'autorite publique

759 7247 2994 387 Condamnations Antérieures

2481 7588 380 240 Six

441 8130 4607 116 (1) Le gouverneur civil ou militaire. - Le général commandant le corps d'armée (France). Le général commandant la division militaire, la division ou

403 8184 3691 148 la brigade d'occupation, etc... – ou le ministre de la guerre, selon les cas prévus par l'article 8 du Code de justice militaire.

473 8215 4551 248 (2) Si le huis clos a été ordonné, le dire en visant l'article 113 du Code de justice militaire; il ne peut être ordonné que pour les débats, et tous les jugements

395 8363 1086 155 doivent être prononcés publiquement.

488 8409 3086 233 (3) Indiquer le crime ou le délit sur lequel l'accusé a été traduit devant de Conseil de guerre (art. 140).

511 8704 652 155 FORMULE N^o 16.
