6557 9397
1872 352 4457 243 Enjoint au Commissaire du Gouvernement de faire donner immédiatement en sa présence lecture du présent jugement a ce

1864 524 2295 157 condamné devant la garde rassemblée sous les armes,

1754.0 602.0 4677.0 204.0 de avertir que la loi accorde un délai de trois jours francs pour se pourvoir en cassation (1), ou de vingt-quatre heure

1762 736 1120 203 pour se pourvoir en revision (2).

1856 947 3972 227 Fatr, clos et jugé sans désemparer, en séance publique, a Hesdin, les jour, mois et an que dessus.

1825 1198 4630 188 En conséquence, LE PRÉSIDENT DE LA REPUBLIQUE MANDE et ORDONNE à tous huissiers sur ce requis de mettre ledit jugement à

1754 1339 4693 172 exécution; aux Procureurs généraux et aux Procureurs de la République près les tribunaux de première instance d'y tenir la

1762 1448 4223 196 main; à tous commandants et officiers de la force publique de prêter main-forte lorsqu'ils en seront légalement requis.

1833 1597 3313 243 En foi de quoi le présent jugement a été signé par les Membres du Conseil et par le Greffier.

3384 1957 1034 313 +

4622 1973 1026 470 +

6306.0 2302.0 243.0 493.0 +

4810.0 2231.0 1331.0 556.0 +

2538 2364 1018 502 +

4849 2545 1002 336 +

1848 2842 4458 149 L'an mil neuf cent quinze le quatre mars le présent jugement à été lu par nous, Greffier soussigné, au condamné

3446 2928 2977 165 averti par le Commissaire du Gouvernement que l'article 44 de la loi du 17 avril

1762 3030 4246 188 1906 accorde trois jours pour se pourvoir en cassation (1), ou que les articles 141 et 143 du Code de justice militaire

1746 3140 4458 172 accordent vingt-quatre heures pour se pourvoir en revision (2), lesquels commencent à courir de l'expiration du présent jour.

6259 3147 156 243 Cette

1707 3257 2264 196 lecture faite en présence de la garde rassemblee sous les armes.

2765 3437 1230 188 Le Commissaire du Gouvernement,

2890.0 3570.0 932.0 345.0 +

5123 3437 376 196 Le Greffier

5123.0 3563.0 423.0 399.0 +

3580.0 4181.0 1002.0 227.0 EXÉCUTOIRE.

1801 4377 4481 595 Vu la procédure instruite contre le soldat Soulignac Pascal

1692 4831 1402 227 et les frais d'icelle dont le détail suit:

2083 5011 3447 188 1^o Coût du transport des pièces et objets pouvant servir à conviction ou à décharge........................

2083 5121 3463 172 2^o Honoraires des officiers de santé, médecins, chirurgiens civils, sages-femmes, experts, interprètes, traducteurs et

2217 5223 3321 156 autres, appelés en justice.................................................................

2083 5309 3479 164 3^o Indemnités accordées aux témoins civils et militaires..............................................

2083 5411 3455 172 4^o Frais de garde de scellés et ceux de mise en fourrière.............................................

2068 5489 3454 196 5^o Indemnités de route, de transport et de séjour, accordées aux membres des tribunaux militaires pour les dépla-

2224 5606 3322 157 cements auxquels l'instruction des procédures peut donner lieu, ainsi que toutes autres dépenses nécessitées

2217 5700 3329 165 de ce chef..............................................................................

2099 5779 3439 203 6^o Port des lettres et paquets pour l'instruction, sauf le port des lettres résultant de l'application de la loi du

2232 5896 3306 180 15 juin 1899...........................................................................

2083 5982 3447 173 7^o Frais l'impression des arrêts, jugements et ordonnances de justice, quand il y a lieu.....................

2060 6068 3486 181 8^o Prime de capture des contumax, des déserteurs et des insoumis......................................

2060 6186 3831 196 9^o Frais résultant de l'obtention des extraits du casier judiciaire........................................ 0.25

2052 6272 3478 172 10^o Prix du bulletin n^o 1 et du duplicata dudit (décret du 12 décembre 1899, art. 13).....................

2044 6374 3494 180 11^o Coût des bulletins n^o 1 et du duplicata de ces bulletins établis par les greffiers des conseils de guerre au sujet

2248 6476 3596 172 des condamnations prononcées par ces conseils (décret du 12 décembre 1899, art. 13)................. 0.40

2052 6546 3760 196 12^o Frais de procédure ou coût du jugement........................................................ 12^f 00

2044 6656 3502 180 13^o Ammende..........................................................................................

2060 6750 3486 188 14^o Décimes additionnels (en France)...................................................................

2044 6851 3502 173 15^o Frais fixes de procédure devant la Cour de cassation ou le Conseil de revision...........................

2044 6953 3463 180 16^o Frais fixes de procédure devant le Conseil de guerre jugeant en 2^e instance............................

3251.0 7086.0 2828.0 353.0 TOTAL............................................ 12,65

1801 7353 4599 250 Vu le dispositif du jugement définitif, l'article 139 du Code de justice militaire, le Président du - Conseil de guerre

1723 7494 4700 211 permanent de la X^e Arme liquide les frais dont l'état est ci-dessus à la somme de douze francs, soixante

1676 7611 642 180 cinq centimes.

3454 7650 2993 173 du montant de laquelle il délivre le présent exécutoire, pour le recouvrement de

1723 7713 4551 227 ladite somme être poursuivi sur les biens présents et à venir d e condamné, par les percepteurs des Contributions directes.

1809 7854 4575 196 En conséquence, LE PRÉSIDENT DE LA RÉPUBLIQUE MANDE ET ORDONNE a tous huissiers sur ce requis de mettre ledit jugement à

1707 7979 4693 204 exécution; aux Procureurs généraux et aux Procureurs de la République près les tribunaux de première instance d'y tenir la

1715 8097 4230 195 main; à tous commandants et officiers de la force publique de prêter main-forte lorsqu'ils en seront légalement requis.

1801 8198 3823 274 Fait en la Chambre du Conseil de guerre susdit, à Hesdin (P.d.Calais), le 4 mars 1915

1284 8292 3087 204 Le présent jugement a commencé à recevoir son exécution

1175 8418 3219 227 le quatre mars mil neuf cent quinze pour compter du

1120.0 8566.0 2749.0 251.0 vingt-trois février mil neuf cent quinze

1793 8676 1215 125 (1) En France, en Algérie et en Tunisie.

1786 8747 955 164 (2) Aux colonies et aux armées.

2875.0 8700.0 524.0 219.0 Le Greffier

2835.0 8903.0 572.0 282.0 +

4655.0 8493.0 601.0 162.0 Le Président,

4598 8598 791 446 +
