5828 9240
177 184 1842 185 une couverture de laine brune?

1295 231 3453 338 4^e Question: Le même est-il coupable d'avoir

192 438 4525 201 dans les mêmes circonstances de temps et de lieu, détourné au

223 569 4109 247 préjudice de l'Etat une couverture d'ordonnance du modèle

177 723 902 278 réglementaire

354 2025 4518 215 Les voix recueillies séparément, conformément à l'article 131 du Code de justice militaire, en commençant par le grade inférieur

262 2148 3037 208 le Président ayant émis son opinion le dernier, le Conseil de guerre permanent déclare

185 2594 4864 262 Sur la 1^re question: A la majorité de trois voix contre deux l'accusé est coupable

185 2787 4810 231 Sur la 2^e question: A la majorité de trois voix contre deux l'accusé est coupable

215 2926 4132 223 Sur la 3^e question: A l'unanimité, l'accusé n'est pas coupable

215 3080 5042 261 Sus la 4^e question: A la majorité de quatre voix contre une l'accusé n'est pas coupable

231 3226 3530 246 A la majorité il existe des circonstances atténuantes

354 3911 4556 208 Sur quoi, et attendu les conclusions prises par le Commissaire du Gouvernement dans ses réquisitions, le Président a lu le texte

262 4065 4640 239 de la loi, recueilli de nouveau les voix dans la forme prescrite par les articles 131 et 134 du Code de militaire pour l'appli-

285 4188 640 162 cation de la peine.

377 4281 3778 185 Le Conseil est rentré en séance publique, le Président a lu les motifs que précèdent et le dispositif ci-dessous.

377 4342 4764 254 En conséquence, le Conseil (1) Condamne le soldat sieur Defrance

262 4519 4671 185 Paul Ernest, susqualifié à la majorité de quatre voix contre

208 4612 4648 262 une à la peine de Cinquante francs d'amende

223 4743 4679 277 par application des articles 401 et 463 du Code pénal, 7 et 8 de la

169 4912 4780 208 loi du 9 Aout 1849 sur l'état de siège. Le Conseil le condamne,

185 5012 4795 301 en outre, aux frais envers l'Etat, ordonne au profit de l'Etat la

208 5182 4810 277 restitution des objets saisis comme pièces à conviction et fixe au minimum

185 5343 4818 247 la durée de la contrainte par corps par application des articles 139 du

223 5474 4718 254 Code de Justice Militaire et 9 de la loi du 22 juillet 1867, tous

192 5644 4872 261 articles visés lus par le Président en audience publique. Les articles dont

169 5844 3084 231 la pénalité a été appliquée sont ainsi conçus:

231 5967 4756 254 Article 401 du Code pénal: Les autres vols non spécifiés dans la présente section, les larcins

185 6113 4679 193 et filouteries ainsi que les tentatives de ces mêmes délits seront punis d'un emprisonnement

208 6229 4802 192 d'un an au moins et de cinq ans au plus et pourront même l'être d'une amende

215 6337 3331 208 qui sera de seize francs au mieux et de cinq cents francs au plus

215 6398 4826 254 Article 463 du Code pénal: « Dans tous les cas où la peine de l'emprisonnement et

185 6545 4756 177 celle de l'amende sont prononcées par le Code pénal, si les circonstances paraissent

200 6668 4610 161 atténuantes, les tribunaux correctionnels sont autorisés, même en cas de

223 6783 4880 193 récidive à réduire l'emprisonnement même au-dessous de six jours et l'amende

200 6914 4841 185 même au-dessous de seize francs ---  Ils pourront même prononcés l'une ou

192 7030 1712 200 l'autre de ces peines seulement

192 7153 4788 192 Article 139 du Code de Justice Militaire: « Le jugement qui prononce une

238 7268 4749 216 peine contre l'accusé le condamne aux frais envers l'État. Il ordonne

231 7392 4903 200 en outre la restitution à leur légitime propriétaire des effets et objets saisis comme

177 7507 987 193 pièces à conviction

215 7592 4772 277 Article 9 de la loi du 22 Juillet 1867: « La durée de la contrainte par

138 7800 4895 231 « cops est réglée ainsi qu'il suit: de deux jours à vingt jours lorsque

231 7961 4733 201 l'amende et les autres condamnations n'excèdent par cinquante francs: de vingt jours à

208 8085 4640 231 quarante jours lorsque l'amende et les autres condamnations sont supérieures à cinquante francs et

192 8200 1642 216 qu'elle n'excèdent pas cent francs

354 8562 4572 108 (1) Avoir soin de spécifier, s'il y a lieu, après t'indication de la peine infligée, la décision motivée du Conseil relative à ma non-imputation pour tout ou

277 8608 2058 185 partie de la détention préventive sur la durée de la peine prononcée.
