6423 9397
1715 344 4598 196 La séance ayant été ouverte, le Président a fait apporter et déposer devant lui, sur le bureau, un exemplaire du Code du justice

1629 516 4613 149 militaire, du Code d'instruction criminelle et du code pénal ordinaire, et ordonné à la garde d'amener l'accusé, qui a

1613 602 4708 220 été introduit, libre et sans fers, devant le Conseil, accompagné de son défenseur le sergent Gosse de

1574 728 3446 321 la 9^e Section de C-d. A désigné d'office

1707 1237 4520 274 Interrogé de ses nom, prénoms, âge, lieu de naissance, état profession et domicile l'accusé

1676 1448 4637 204 a répondu se nommer Cocuelle Rodolphe Alphonse Charles Elie Victor

1590 1589 4433 251 âgé de trente-cinq ans, marié, un enfant, profession d'épicier

1574 1754 4629 274 domicilié à Blangy (Seine-Inférieure) actuellement soldat

1574 1942 3540 305 au 3^e Escadron Territorial du train des équipages

1676 2803 4613 211 Le Président, après avoir fait lire par le greffier de convocation, le rapport prescrit par l'article 108 du Code de justice

1582 2952 4504 180 militaire, et les pièces dont la lecture lui a paru nécessaire, a fait connaître a l'accusé les faits à raison desquels il est

1574 3077 3987 172 poursuivi, et lui a donné, ainsi qu'au défenseur, l'avertissement indiqué en l'article 121 dudit Code;

1673 3211 1961 148 Après quoi, il a procédé à l'interrogatoire de l'accusé

3720 3220 2546 139 et a fait entendre publiquement et séparément les témoins à charge (1)

2428 3288 3838 220 ; lesdits témoins ayant au préalable prêté serment de parler sans haine et sans crainte, jure de dire toute

1579 3430 974 156 vérité et rien que la vérité;

1684 3766 4574 266 Et le Président ayant, en outre, rempli à leur égard les formalités proscrites par las articles 317 et 319 du Code d'instruction

1590 3907 368 227 criminelle;

1668 4032 110 267 (2)

1660 4823 4481 227 Ouï M. le Commissaire du Gouvernement en ses réquisitions tendant à ce que (3) le Susnommé soit

1519 4996 4535 219 déclaré coupable d'outrages envers un supérieur en dehors

1543 5168 4457 282 du service et qu'il lui soit fait application de l'article

1543 5324 2099 275 224 du Code de Justice Militaire

1535 5630 4723 250 et l'accusé dans ses moyens de défense, tant par lui que par son défenseur, lesquels ont

1543 5833 4699 212 déclaré n'avoir rien à ajouter à leurs moyens de défense, et ont eu la parole les derniers, le Président a déclaré les débats terminés,

1543 5951 2342 227 et il a ordonné au défenseur et à l'accusé de se retirer.

1652 6303 2209 212 L'accusé a été reconduit par l'escorte à la prison;

3892 6319 2358 196 le Commissaire du Gouvernement, le Greffier et les assistants dans

1558 6452 1951 172 l'auditoire de sont retirés sur l'invitation du Président (

3462 6460 2836 172 (4) : Le Tribunal s'est retiré dans la chambre des délibérations

1659 6585 4615 141 Le Conseil délibérant à huis clos, le Président a posé la question, conformément à l'article 132 du Code de justice

1566 6695 4622 196 militaire, ainsi qu'il suit: Le soldat Cocuelle Rodolphe Adolphe

1527 6804 4559 251 Charles Elie Victor, du 3^e Escadron Territorial du train des

1535 7047 4504 251 équipages est-il coupable d'avoir, le 8 Novembre 1914, à

1519 7196 4708 290 Cassel, outragé par paroles et menaces en dehors du service

1543 7392 4652 305 son supérieur, le maréchal-des- logis Placquevent, du

1527 7619 4590 282 même escadron territorial, en lui disant: "Toi Placquevent,

1644 7885 925 78 (1) Et à décharge (s'il y en a).

1644 7893 4591 180 (2) Indiquer si des témoins ont été entendus sans prestation de serment, et pour quel motif ; dire que les pièces de conviction, s'il y en a, ont été représentées.

1550 7995 4677 172 Indiquer, en outre, ses incidents qui ont pu ce produire, en ayant soin de préciser à quel moment du débat ils ont en lieu, ses conclusions des parties, les

1535 8136 4692 125 réquisitions du ministère public, les moyens de deiense présentés par l'accusé, et enfin le jugement motivé du Conseil. Dans le cas où le blanc laisse ici ne suf

1543 8198 4684 157 firait pas pour insérer toutes ces mentions, on devra indiquer l'incident et le moment du débat il s'est produit, en ajoutant qu'il y a été statué par jugement

1519 8332 4731 133 séparé, lequel est joint et annexé au présent, et alors le jugement séparé doit indiquer la publicité de l'audience, se terminer par la même formule et être signé

1517 8434 4728 125 de la même manière que le jugement principal, en mentionnant qu'il y sera annexé comme en taisant partie. En cas de suspension d'audience et de remise au

1519 8480 3024 157 lendemain, la mention qui constate cette remise est signée par le Président et le Greffier seulement.

1613 8574 4089 180 (3) Indiquer si les réquisitions tendent à la déclaration de culpabilité et, dans ce cas, les articles de loi dont l'application est demandée.

1613 8676 3470 165 (4) S'il y a une chambre des délibérations, on mettra que le Tribunal s'est retiré dans la chambre des délibérations.

1911 8801 2326 204 Conseil de guerre. - N^o 967 de la Nomenclature générale. - Formule n^o 16.
