5851 9240
1580.0 169.0 3492.0 169.0 3 Question: Le nommé Thireau Ernest Louis,

292.0 215.0 4973.0 231.0 marchand de café ambulant et maquignon, est il coupable d'avoir, vers

292.0 385.0 4811.0 177.0 le 6 octobre 1914, près d'Annezin-les-Béthune (Pas-de-Calais)

277.0 485.0 4849.0 177.0 sciemment acheté un cheval aux nommés Degetz Gabriel et Verpraët

249.0 655.0 4954.0 138.0 Marceau, sachant que ce cheval appartenant à l'Etat avait été vole

246.0 746.0 4798.0 162.0 par ces derniers et de s'être ainsi rendu coupable de complicité de

246.0 831.0 1002.0 216.0 vol par recel?

447.0 2009.0 4494.0 224.0 Les voix recueillies séparément, conformément à l'article 131 du Cole de justice militaire, en commençant par le grade inférieur

331.0 2179.0 3022.0 192.0 le Président ayant émis son opinion le dernier, le Conseil de guerre permanent déclare

208.0 2448.0 5303.0 293.0 Sur la 1^re Question: A la majorité de quatre voix contre une l'accusé Degetz n'est pas coupable

208.0 2648.0 5141.0 247.0 Sur la 2^e question: A la majorité de quatre voix contre une l'accusé Verpraët est coupable

208.0 2795.0 4455.0 223.0 Sus la 3 question: A l'unanimité, l'accusé Thireau est coupable

220.0 2941.0 4721.0 219.0 A la majorité il existe des circonstances atténuantes  en faveur de Verpraët

3391.0 3087.0 1565.0 224.0 en faveur de Thireau

447.0 3896.0 4556.0 254.0 Sur quoi, et attendu les conclusions prises par le Commissaire du Gouvernement dans ses réquisitions, le Président a lu le texte

346.0 4081.0 4664.0 231.0 de la loi, recueilli de nouveau les voix dans la forme prescrite par les articles 131 et 134 du Code de militaire pour l'appli-

346.0 4219.0 648.0 162.0 cation de la peine.

431.0 4312.0 3831.0 169.0 Le Conseil est rentré en séance publique, le Président a lu les motifs que précèdent et le dispositif ci-dessous.

447.0 4389.0 4733.0 261.0 En conséquence, le Conseil(1) 1^o acquitté le nommé Degetz Gabriel

177.0 4566.0 4964.0 200.0 susqualifié de l'accusation dirigée contre lui et le Président ordonne qu'il

185.0 4689.0 4933.0 185.0 soit mis en liberté s'il n'est retenu pour autre cause par application de

192.0 4820.0 4926.0 177.0 l'article 136 du Code de Justice Militaire. 2ô condamne le nommé

202.0 4928.0 5171.0 193.0 Verpraet Marceau, susqualifié, à la majorité de troix voix contre deux

208.0 5089.0 5103.0 177.0 à la peine de Un mois de prison par application des articles 401, 463

169.0 5189.0 4880.0 170.0 du Code pénal, 7 et 8 de la loi du 9 Août 1849, 3^o condamne le

169.0 5331.0 5115.0 166.0 nommé Thireau Louis Ernest, susqualifié, à la majorité de troix voix contre

164.0 5397.0 4985.0 202.0 deux à la peine de Trois mois de prison et à la majorité de troix voix

161.0 5574.0 5027.0 162.0 contre deux à Deux cent francs d'amende par application des

161.0 5667.0 4973.0 185.0 articles 401, 59, 60, 62, 463 du Code pénal, 7 et 8 de la loi du 9 Août

192.0 5790.0 4872.0 177.0 1849. Le conseil condamne, en autre les nommés Verpraët et Thireau,

161.0 5890.0 5003.0 169.0 solidairement, aux frais envers l'Etat et fixe au minimum, pour chacun d'eux

192.0 5998.0 5073.0 200.0 la durée de la contrainte par corps par application, des articles 55 du Code pénal

185.0 6098.0 5018.0 208.0 139 du Code de Justice militaire et 9 de la loi du 22 juillet 1867, tous

169.0 6213.0 4911.0 224.0 articles visés lus par le Président en audience publique. Les articles dont la

185.0 6337.0 2859.0 192.0 pénalité a été appliquée sont ainsi conçus:

208.0 6460.0 4956.0 223.0 Article 136 du Code de Justice Militaire:  « Si l'accusé n'est pas reconnu coupable, le Conseil

231.0 6614.0 4995.0 208.0 prononce son acquittement et le Président ordonne qu'il soit mis en liberté s'il n'est retenu

192.0 6752.0 941.0 162.0 pour autre cause

208.0 6876.0 5103.0 246.0 Article 401 du Code pénal : « Les autres vols non spécifiés dans la présente section les larcins et

192.0 6983.0 5034.0 201.0 filouteries, ainsi que les tentatives de ces mêmes délits, seront punis d'un emprisonnement d'un au

169.0 7114.0 5103.0 177.0 au moins et de cinq ans au plus et pourront même l'être d'une amende qui sera de seize francs

161.0 7207.0 1812.0 161.0 au moins et de cinq cents francs au plus

185.0 7299.0 5126.0 200.0 Article 463 du Code pénal: « Dans tous les cas où la peine de l'emprisonnement et celle de l'amende sont prononcées

177.0 7422.0 5057.0 170.0 par le Code pénal, si les circonstances paraissent atténuantes, les tribunaux correctionnels sont autorisés même en cas de

177.0 7522.0 4964.0 185.0 récidive à réduire l'emprisonnement même au- dessous de six jours et l'amende même au-dessous le seize francs

161.0 7607.0 3169.0 200.0 ils pourront aussi prononcer séparément l'une ou l'autre de ces peines

177.0 7715.0 5095.0 192.0 Article 59 du Code pénal: « Les complices d'un crime ou d'un délit seront punis de la même peine qui les auteurs

159.0 7827.0 3556.0 134.0 mêmes de ce crime ou de ce délit sauf les cas où la loi en aurait disposé autrement

184.0 7869.0 4903.0 177.0 Article 139 du C. J. M. Le jugement qui prononce une peine contre l'accusé le condamne aux frais envers l'Etat

177.0 7961.0 4941.0 170.0 Article 9 de la loi du 22 juillet 1867: « La durée de la contrainte par corps est réglée ainsi qu'il suit:

177.0 8061.0 4841.0 154.0 de deux mois à quatre mois lorsque l'amende et les autres condamnations sont supérieurs à 200 francs et

192.0 8146.0 1365.0 123.0 qu'elles n'excèdent pas 500 francs

208.0 8231.0 5011.0 138.0 Article 55 du Code pénal: « Tous les individus condamnés pour un même crime ou pour un même délit seront tous

145.0 8316.0 3169.0 177.0 solidairement des amendes, des restitutions, des dommages - intérêts et des frais

454.0 8516.0 4572.0 115.0 (1) Avoir soin de spécifier, s'il y a lieu, après t'indication de la peine infligée, la décision motivée du Conseil relative à ma non-imputation pour tout ou

331.0 8624.0 2110.0 130.0 partie de la détention préventive sur la durée de la peine prononcée.
