<?xml version="1.0" encoding="UTF-8"?>
<alto xmlns:xsi="http://www.w3.org/2001/XMLSchema-instance"
      xmlns="http://www.loc.gov/standards/alto/ns-v4#"
      xsi:schemaLocation="http://www.loc.gov/standards/alto/ns-v4# http://www.loc.gov/standards/alto/v4/alto-4-2.xsd">
  <Description>
    <MeasurementUnit>pixel</MeasurementUnit>
    <sourceImageInformation>
      <fileName>11_J_184_0130.jpg</fileName>
      
    </sourceImageInformation>
  </Description>
  
  <Tags>
    <OtherTag ID="BT16575" LABEL="MarginTextZone" DESCRIPTION="block type MarginTextZone"/><OtherTag ID="BT16576" LABEL="DamageZone" DESCRIPTION="block type DamageZone"/><OtherTag ID="BT16577" LABEL="DigitizationArtefactZone" DESCRIPTION="block type DigitizationArtefactZone"/><OtherTag ID="BT16578" LABEL="DropCapitalZone" DESCRIPTION="block type DropCapitalZone"/><OtherTag ID="BT16579" LABEL="GraphicZone" DESCRIPTION="block type GraphicZone"/><OtherTag ID="BT16580" LABEL="MusicZone" DESCRIPTION="block type MusicZone"/><OtherTag ID="BT16581" LABEL="NumberingZone" DESCRIPTION="block type NumberingZone"/><OtherTag ID="BT16582" LABEL="QuireMarksZone" DESCRIPTION="block type QuireMarksZone"/><OtherTag ID="BT16583" LABEL="RunningTitleZone" DESCRIPTION="block type RunningTitleZone"/><OtherTag ID="BT16584" LABEL="SealZone" DESCRIPTION="block type SealZone"/><OtherTag ID="BT16585" LABEL="StampZone" DESCRIPTION="block type StampZone"/><OtherTag ID="BT16586" LABEL="TableZone" DESCRIPTION="block type TableZone"/><OtherTag ID="BT16587" LABEL="TitlePageZone" DESCRIPTION="block type TitlePageZone"/><OtherTag ID="BT19261" LABEL="MainZone" DESCRIPTION="block type MainZone"/><OtherTag ID="BT21623" LABEL="MainZone-judgementNumber" DESCRIPTION="block type MainZone-judgementNumber"/><OtherTag ID="BT21624" LABEL="MainZone-judgementPlace" DESCRIPTION="block type MainZone-judgementPlace"/><OtherTag ID="BT21625" LABEL="MainZone-orderNumber" DESCRIPTION="block type MainZone-orderNumber"/><OtherTag ID="BT21626" LABEL="MainZone-crimeDate" DESCRIPTION="block type MainZone-crimeDate"/><OtherTag ID="BT21627" LABEL="MarginTextZone-note" DESCRIPTION="block type MarginTextZone-note"/><OtherTag ID="BT21628" LABEL="QuireMarksZone-signature" DESCRIPTION="block type QuireMarksZone-signature"/><OtherTag ID="BT21629" LABEL="CustomZone-signature" DESCRIPTION="block type CustomZone-signature"/><OtherTag ID="BT21630" LABEL="MarginTextZone-addition" DESCRIPTION="block type MarginTextZone-addition"/>
    <OtherTag ID="LT6926" LABEL="DefaultLine" DESCRIPTION="line type DefaultLine"/><OtherTag ID="LT6927" LABEL="HeadingLine" DESCRIPTION="line type HeadingLine"/><OtherTag ID="LT6928" LABEL="InterlinearLine" DESCRIPTION="line type InterlinearLine"/><OtherTag ID="LT8439" LABEL="CustomLine:scratched" DESCRIPTION="line type CustomLine:scratched"/><OtherTag ID="LT8440" LABEL="CustomLine:signature" DESCRIPTION="line type CustomLine:signature"/><OtherTag ID="LT8441" LABEL="CustomLine:margin" DESCRIPTION="line type CustomLine:margin"/><OtherTag ID="LT8442" LABEL="default" DESCRIPTION="line type default"/>
  </Tags>
  
  <Layout>
    <Page WIDTH="6520"
          HEIGHT="9397"
          PHYSICAL_IMG_NR="111"
          ID="eSc_dummypage_">
      <PrintSpace HPOS="0"
                  VPOS="0"
                  WIDTH="6520"
                  HEIGHT="9397">
        
        <TextBlock HPOS="1571.0"
                   VPOS="334.0"
                   WIDTH="4949.0"
                   HEIGHT="1498.0"
                   ID="efe02723-61ca-46a9-8558-66d54f4f1e56"
                   TAGREFS="BT19261">
          <Shape><Polygon POINTS="1571 334 6520 334 6520 1832 1571 1832 1571 334"/></Shape>
          
          
          <TextLine ID="7588a414-fcc2-4d1d-a14d-d9e1dcc5c5c3"
                    TAGREFS="LT6926"
                    BASELINE="1819 523 6317 518 6508 579" 
                    HPOS="1818"
                    VPOS="352"
                    WIDTH="4694"
                    HEIGHT="266">
            <Shape><Polygon POINTS="1818 579 4576 571 4670 602 4701 610 4709 610 4717 610 4725 610 4748 602 4835 571 5548 571 5744 610 5767 610 5775 610 5799 610 5963 571 6010 610 6018 610 6026 610 6034 618 6512 618 6512 516 6457 383 6378 352 6371 352 6363 352 6049 391 6041 391 5979 352 5971 352 5963 352 5955 352 5752 391 5720 391 5587 391 4835 352 4827 352 4819 352 4811 352 4811 360 4788 383 4772 399 4169 399 4129 375 4082 352 4074 352 4067 352 4059 352 4051 352 4051 360 4035 375 4012 399 3299 399 3236 360 3212 352 3205 352 3197 352 2915 360 2084 391 1818 352 1818 516"/></Shape>
	    <String CONTENT="Enjoint au Commissaire du Gouvernement de faire donner immédiatement en sa présence lecture du présent jugement a l&#x27;acquitté"
                    HPOS="1818"
                    VPOS="352"
                    WIDTH="4694"
                    HEIGHT="266"></String>
          </TextLine>

          
          
          <TextLine ID="9289f4d8-a140-4446-b772-bcfb72ddd08b"
                    TAGREFS="LT6926"
                    BASELINE="2562 643 4101 638" 
                    HPOS="2546"
                    VPOS="524"
                    WIDTH="1552"
                    HEIGHT="180">
            <Shape><Polygon POINTS="4035 524 3957 524 3879 524 3800 524 3722 524 3643 524 3565 524 3487 524 3408 524 3330 524 3252 524 3173 524 3095 524 3017 524 2938 524 2860 524 2781 524 2703 524 2625 524 2546 524 2554 642 2554 704 4090 704 4098 634 4082 524 4035 524"/></Shape>
	    <String CONTENT="devant la garde rassemblée sous les armes,"
                    HPOS="2546"
                    VPOS="524"
                    WIDTH="1552"
                    HEIGHT="180"></String>
          </TextLine>

          
          
          <TextLine ID="112e6c94-8b78-4cc4-ac79-af67b4b30adf"
                    TAGREFS="LT8439"
                    BASELINE="1718 758 6438 744" 
                    HPOS="1708"
                    VPOS="626"
                    WIDTH="4725"
                    HEIGHT="211">
            <Shape><Polygon POINTS="4059 642 3980 642 3902 642 3824 642 3745 642 3667 642 3589 642 3510 642 3432 642 3354 642 3275 642 3197 642 3118 642 3040 642 2962 642 2883 642 2805 642 2727 642 2648 642 2570 642 2554 626 1708 626 1716 751 1716 806 5093 837 5101 837 5759 798 5947 837 5955 837 6143 798 6339 837 6347 837 6355 837 6363 837 6433 790 6433 743 6418 626 4067 626 4059 642"/></Shape>
	    <String CONTENT="de avertir que la loi accorde un délai de trois jours francs pour se pourvoir en cassation (1), ou de vingt-quatre heures"
                    HPOS="1708"
                    VPOS="626"
                    WIDTH="4725"
                    HEIGHT="211"></String>
          </TextLine>

          
          
          <TextLine ID="288e636e-adcc-48bf-8637-a4b70de4f451"
                    TAGREFS="LT8439"
                    BASELINE="1720 868 2829 874" 
                    HPOS="1708"
                    VPOS="751"
                    WIDTH="1120"
                    HEIGHT="188">
            <Shape><Polygon POINTS="2805 751 2727 751 2648 751 2570 751 2492 751 2413 751 2335 751 2256 751 2178 751 2100 751 2021 751 1943 751 1865 751 1786 751 1716 751 1716 861 1708 931 2813 939 2828 869 2813 751 2805 751"/></Shape>
	    <String CONTENT="pour se pourvoir en revision (2)."
                    HPOS="1708"
                    VPOS="751"
                    WIDTH="1120"
                    HEIGHT="188"></String>
          </TextLine>

          
          
          <TextLine ID="548c2fb1-c437-40a7-b01f-8776f7552267"
                    TAGREFS="LT6926"
                    BASELINE="1785 1127 5762 1102" 
                    HPOS="1771"
                    VPOS="931"
                    WIDTH="3988"
                    HEIGHT="267">
            <Shape><Polygon POINTS="1778 1119 1778 1198 5752 1158 5759 1096 5728 939 5587 986 4615 955 3879 931 3871 931 3863 931 3855 931 3800 971 3777 986 3455 1002 1771 1002 1778 1119"/></Shape>
	    <String CONTENT="Fait, clos et jugé sans désemparer, en séance publique, à Hesdin, les jour, mois et an que dessus."
                    HPOS="1771"
                    VPOS="931"
                    WIDTH="3988"
                    HEIGHT="267"></String>
          </TextLine>

          
          
          <TextLine ID="82f9f526-0336-47ce-86c6-e547570ade5b"
                    TAGREFS="LT6926"
                    BASELINE="1793 1348 6322 1332 6391 1346" 
                    HPOS="1778"
                    VPOS="1190"
                    WIDTH="4608"
                    HEIGHT="203">
            <Shape><Polygon POINTS="1786 1346 1786 1393 6378 1386 6386 1339 6378 1213 2296 1190 2288 1190 1778 1229 1786 1346"/></Shape>
	    <String CONTENT="En conséquence, LE PRÉSIDENT DE LA RÉPUBLIQUE MANDE et ORDONNE à tous huissiers sur ce requis de mettre ledit jugement à"
                    HPOS="1778"
                    VPOS="1190"
                    WIDTH="4608"
                    HEIGHT="203"></String>
          </TextLine>

          
          
          <TextLine ID="780c8462-9573-414a-b9b4-50b7a44dafd9"
                    TAGREFS="LT6926"
                    BASELINE="1701 1458 6124 1439 6391 1456" 
                    HPOS="1692"
                    VPOS="1331"
                    WIDTH="4694"
                    HEIGHT="188">
            <Shape><Polygon POINTS="6316 1339 6237 1339 6159 1339 6081 1339 6002 1339 5924 1339 5846 1339 5767 1339 5689 1339 5610 1339 5532 1339 5454 1339 5375 1339 5297 1339 5219 1339 5140 1339 5062 1339 4984 1339 4905 1339 4827 1339 4748 1339 4670 1339 4592 1339 4513 1339 4435 1339 4357 1339 4278 1339 4200 1339 4122 1339 4043 1346 3965 1346 3886 1346 3808 1346 3730 1346 3651 1346 3573 1346 3495 1346 3416 1346 3338 1346 3259 1346 3181 1346 3103 1346 3024 1346 2946 1346 2868 1346 2789 1346 2711 1346 2633 1346 2554 1346 2476 1346 2397 1346 2319 1346 2241 1346 2162 1346 2084 1346 2006 1346 1927 1346 1849 1346 1841 1331 1692 1331 1700 1456 1700 1519 6386 1495 6386 1448 6371 1339 6316 1339"/></Shape>
	    <String CONTENT="exécution; aux Procureurs généraux et aux Procureurs de la République près les tribunaux de première instance d&#x27;y tenir la"
                    HPOS="1692"
                    VPOS="1331"
                    WIDTH="4694"
                    HEIGHT="188"></String>
          </TextLine>

          
          
          <TextLine ID="fbb014ce-28fd-4b20-9b1a-d537d4a66871"
                    TAGREFS="LT6926"
                    BASELINE="1697 1569 5915 1557" 
                    HPOS="1684"
                    VPOS="1456"
                    WIDTH="4224"
                    HEIGHT="172">
            <Shape><Polygon POINTS="1692 1566 1692 1620 5900 1628 5908 1550 5885 1456 1684 1464 1692 1566"/></Shape>
	    <String CONTENT="main; à tous commandants et officiers de la force publique de prêter main-forte lorsqu&#x27;ils en seront légalement requis."
                    HPOS="1684"
                    VPOS="1456"
                    WIDTH="4224"
                    HEIGHT="172"></String>
          </TextLine>

          
          
          <TextLine ID="748d0a4e-8350-4cd5-b6e4-dced9a99d3be"
                    TAGREFS="LT6926"
                    BASELINE="1796 1778 5104 1771" 
                    HPOS="1734"
                    VPOS="1670"
                    WIDTH="3370"
                    HEIGHT="146">
            <Shape><Polygon POINTS="1739 1816 5098 1806 5104 1733 5088 1670 1734 1686 1739 1754"/></Shape>
	    <String CONTENT="En foi de quoi le présent jugement a été signé par les Membres du Conseil et par le Greffier."
                    HPOS="1734"
                    VPOS="1670"
                    WIDTH="3370"
                    HEIGHT="146"></String>
          </TextLine>

          
        </TextBlock>
        
        <TextBlock HPOS="1759.0"
                   VPOS="1810.0"
                   WIDTH="4747.0"
                   HEIGHT="1013.0"
                   ID="01630d46-12d9-467d-b38d-5b93817f5e3f"
                   TAGREFS="BT21629">
          <Shape><Polygon POINTS="1759 1810 6506 1810 6506 2823 1759 2823 1759 1810"/></Shape>
          
          
          <TextLine ID="eSc_line_ac7caf6d"
                    TAGREFS="LT8440"
                    BASELINE="3669 2082 4318 2129" 
                    HPOS="3669.0"
                    VPOS="2082.0"
                    WIDTH="649.0"
                    HEIGHT="47.0">
            
	    <String CONTENT=""
                    HPOS="3669.0"
                    VPOS="2082.0"
                    WIDTH="649.0"
                    HEIGHT="47.0"></String>
          </TextLine>

          
          
          <TextLine ID="eSc_line_5112da80"
                    TAGREFS="LT8440"
                    BASELINE="2578 2280 3453 2114" 
                    HPOS="2515"
                    VPOS="1840"
                    WIDTH="980"
                    HEIGHT="618">
            <Shape><Polygon POINTS="2570 2278 2578 2349 2876 2286 3024 2372 3165 2458 3173 2458 3181 2458 3189 2458 3495 2388 3448 2106 3401 1887 3259 1840 3252 1840 3244 1840 3236 1840 3228 1840 3228 1848 3134 1934 3118 1949 2962 1973 2938 1957 2876 1918 2868 1918 2860 1918 2852 1918 2844 1918 2515 2012 2570 2278"/></Shape>
	    <String CONTENT="+"
                    HPOS="2515"
                    VPOS="1840"
                    WIDTH="980"
                    HEIGHT="618"></String>
          </TextLine>

          
          
          <TextLine ID="eSc_line_c7be6780"
                    TAGREFS="LT8440"
                    BASELINE="4544 2204 5325 1960" 
                    HPOS="4466"
                    VPOS="1840"
                    WIDTH="870"
                    HEIGHT="430">
            <Shape><Polygon POINTS="4537 2200 4553 2270 5336 2036 5321 1957 5273 1840 4874 1918 4866 1918 4858 1918 4858 1926 4850 1926 4819 1973 4678 1957 4623 1949 4615 1949 4607 1949 4466 1989 4537 2200"/></Shape>
	    <String CONTENT="+"
                    HPOS="4466"
                    VPOS="1840"
                    WIDTH="870"
                    HEIGHT="430"></String>
          </TextLine>

          
          
          <TextLine ID="eSc_line_3eb18f14"
                    TAGREFS="LT8440"
                    BASELINE="5264 2275 6106 2227" 
                    HPOS="5226"
                    VPOS="1910"
                    WIDTH="886"
                    HEIGHT="494">
            <Shape><Polygon POINTS="5258 2270 5266 2404 6112 2388 6104 2223 6081 2043 5877 2051 5650 2020 5595 1965 5563 1942 5563 1934 5556 1934 5548 1934 5540 1934 5532 1934 5524 1934 5524 1942 5509 1957 5501 1965 5485 1949 5446 1918 5446 1910 5438 1910 5430 1910 5422 1910 5226 1910 5258 2270"/></Shape>
	    <String CONTENT="+"
                    HPOS="5226"
                    VPOS="1910"
                    WIDTH="886"
                    HEIGHT="494"></String>
          </TextLine>

          
          
          <TextLine ID="eSc_line_3388d99f"
                    TAGREFS="LT8440"
                    BASELINE="3914 2674 4610 2449" 
                    HPOS="3914.0"
                    VPOS="2449.0"
                    WIDTH="696.0"
                    HEIGHT="225.0">
            
	    <String CONTENT="+"
                    HPOS="3914.0"
                    VPOS="2449.0"
                    WIDTH="696.0"
                    HEIGHT="225.0"></String>
          </TextLine>

          
          
          <TextLine ID="eSc_line_e7c05fff"
                    TAGREFS="LT8440"
                    BASELINE="5570 2768 6492 2373" 
                    HPOS="5570.0"
                    VPOS="2373.0"
                    WIDTH="922.0"
                    HEIGHT="395.0">
            
	    <String CONTENT="+"
                    HPOS="5570.0"
                    VPOS="2373.0"
                    WIDTH="922.0"
                    HEIGHT="395.0"></String>
          </TextLine>

          
        </TextBlock>
        
        <TextBlock HPOS="1497.0"
                   VPOS="2830.0"
                   WIDTH="5009.0"
                   HEIGHT="611.0"
                   ID="1a946c06-b704-48c5-a09e-54e93de2c124"
                   TAGREFS="BT19261">
          <Shape><Polygon POINTS="1497 2830 6506 2830 6506 3441 1497 3441 1497 2830"/></Shape>
          
          
          <TextLine ID="cc24db44-73b0-443d-a0ea-07dfdbba1b6b"
                    TAGREFS="LT6926"
                    BASELINE="1790 2924 5551 2928 6337 2858" 
                    HPOS="1778"
                    VPOS="2834"
                    WIDTH="4553"
                    HEIGHT="165">
            <Shape><Polygon POINTS="6245 2834 6167 2834 6088 2834 6010 2834 5932 2834 5853 2834 5775 2834 5697 2834 5618 2834 5540 2834 5462 2834 5383 2834 5305 2834 5226 2834 5148 2834 5070 2834 4991 2834 4913 2834 4835 2834 4756 2834 4678 2834 4600 2834 4521 2834 4443 2834 4364 2834 4286 2834 4208 2834 4129 2834 4051 2834 3973 2834 3894 2834 3816 2834 3738 2834 3659 2834 3581 2834 3502 2834 3424 2834 3346 2834 3267 2834 3189 2834 3111 2834 3032 2834 2954 2834 2876 2834 2797 2834 2719 2834 2640 2834 2562 2834 2484 2834 2405 2834 2327 2834 2249 2834 2170 2834 2092 2834 2013 2834 1935 2834 1857 2834 1778 2834 1786 2920 1786 2999 5940 2991 6324 2944 6331 2850 6324 2834 6245 2834"/></Shape>
	    <String CONTENT="L&#x27;an mil neuf cent quinze le onze janvier, le présent jugement à été lu par nous, Greffier soussigné, à l&#x27;acquitté"
                    HPOS="1778"
                    VPOS="2834"
                    WIDTH="4553"
                    HEIGHT="165"></String>
          </TextLine>

          
          
          <TextLine ID="eSc_line_6eaaf362"
                    TAGREFS="LT8439"
                    BASELINE="3437 3012 6358 3040" 
                    HPOS="3424"
                    VPOS="2913"
                    WIDTH="2931"
                    HEIGHT="195">
            <Shape><Polygon POINTS="5626 2920 5548 2920 5469 2928 5391 2928 5313 2928 5234 2928 5156 2928 5078 2928 4999 2928 4921 2928 4842 2928 4764 2928 4686 2928 4607 2928 4529 2928 4451 2928 4372 2928 4294 2928 4216 2928 4137 2928 4059 2928 3980 2928 3902 2928 3824 2928 3745 2928 3667 2928 3589 2928 3510 2928 3432 2928 3432 3007 3424 3085 6339 3108 6355 3038 6347 2920 5673 2913 5626 2920"/></Shape>
	    <String CONTENT="averti par le Commissaire du Gouvernement que l&#x27;article 44 de la loi du 17 avril"
                    HPOS="3424"
                    VPOS="2913"
                    WIDTH="2931"
                    HEIGHT="195"></String>
          </TextLine>

          
          
          <TextLine ID="ec67f8f8-cb86-4d48-b741-bc399864c667"
                    TAGREFS="LT8439"
                    BASELINE="1711 3159 5957 3153" 
                    HPOS="1700"
                    VPOS="3046"
                    WIDTH="4255"
                    HEIGHT="172">
            <Shape><Polygon POINTS="1708 3155 1708 3218 5947 3218 5955 3147 5940 3054 1700 3046 1708 3155"/></Shape>
	    <String CONTENT="1906 accorde trois jours pour se pourvoir en cassation (1), ou que les articles 141 et 143 du Code de justice militaire"
                    HPOS="1700"
                    VPOS="3046"
                    WIDTH="4255"
                    HEIGHT="172"></String>
          </TextLine>

          
          
          <TextLine ID="eSc_line_dab5ed5f"
                    TAGREFS="LT8439"
                    BASELINE="1694 3272 6172 3276" 
                    HPOS="1684"
                    VPOS="3140"
                    WIDTH="4483"
                    HEIGHT="180">
            <Shape><Polygon POINTS="5916 3155 5838 3155 5759 3155 5681 3155 5603 3155 5524 3155 5446 3155 5368 3155 5289 3155 5211 3155 5132 3155 5054 3155 4976 3155 4897 3155 4819 3155 4741 3155 4662 3155 4584 3155 4506 3155 4427 3155 4349 3155 4270 3155 4192 3155 4114 3155 4035 3155 3957 3155 3879 3155 3800 3155 3722 3155 3643 3155 3565 3155 3487 3155 3408 3155 3330 3155 3252 3155 3173 3155 3095 3155 3017 3155 2938 3155 2860 3155 2781 3155 2703 3155 2625 3155 2546 3155 2468 3155 2390 3155 2311 3155 2233 3155 2155 3155 2076 3155 1998 3155 1919 3155 1841 3155 1763 3155 1755 3140 1692 3140 1692 3265 1684 3312 6151 3320 6167 3273 6159 3147 5916 3140 5916 3155"/></Shape>
	    <String CONTENT="accordent vingt-quatre heures pour se pourvoir en revision (2), lesquels commencent à courir de l&#x27;expiration du présent jour."
                    HPOS="1684"
                    VPOS="3140"
                    WIDTH="4483"
                    HEIGHT="180"></String>
          </TextLine>

          
          
          <TextLine ID="eSc_line_e533a739"
                    TAGREFS="LT6926"
                    BASELINE="6214 3267 6379 3267" 
                    HPOS="6206"
                    VPOS="3163"
                    WIDTH="172"
                    HEIGHT="196">
            <Shape><Polygon POINTS="6206 3265 6206 3328 6371 3359 6378 3265 6378 3163 6206 3163 6206 3265"/></Shape>
	    <String CONTENT="Cette"
                    HPOS="6206"
                    VPOS="3163"
                    WIDTH="172"
                    HEIGHT="196"></String>
          </TextLine>

          
          
          <TextLine ID="eSc_line_91d47ca6"
                    TAGREFS="LT6926"
                    BASELINE="1694 3390 3942 3380" 
                    HPOS="1684"
                    VPOS="3265"
                    WIDTH="2257"
                    HEIGHT="204">
            <Shape><Polygon POINTS="3879 3273 3800 3273 3722 3273 3643 3273 3565 3273 3487 3273 3408 3273 3330 3273 3252 3273 3173 3273 3095 3273 3017 3273 2938 3273 2860 3273 2781 3273 2703 3273 2625 3273 2546 3273 2468 3273 2390 3273 2311 3273 2233 3273 2155 3273 2076 3273 1998 3273 1919 3273 1841 3273 1763 3273 1684 3265 1692 3382 1692 3453 3933 3469 3941 3375 3926 3273 3879 3273"/></Shape>
	    <String CONTENT="lecture faite en présence de la garde rassemblée sous les armes."
                    HPOS="1684"
                    VPOS="3265"
                    WIDTH="2257"
                    HEIGHT="204"></String>
          </TextLine>

          
        </TextBlock>
        
        <TextBlock HPOS="2559.0"
                   VPOS="3450.0"
                   WIDTH="3917.0"
                   HEIGHT="766.0"
                   ID="2c9b4267-37bd-4c81-9620-b6ee972831b3"
                   TAGREFS="BT21629">
          <Shape><Polygon POINTS="2559 3450 6476 3450 6476 4216 2559 4216 2559 3450"/></Shape>
          
          
          <TextLine ID="7e0717ba-4bb1-43fc-a6cb-3d54e4ddc99b"
                    TAGREFS="LT6926"
                    BASELINE="2723 3572 3960 3572" 
                    HPOS="2719"
                    VPOS="3453"
                    WIDTH="1238"
                    HEIGHT="188">
            <Shape><Polygon POINTS="3894 3453 3816 3453 3738 3453 3659 3453 3581 3453 3502 3453 3424 3453 3346 3453 3267 3453 3189 3453 3111 3453 3032 3453 2954 3453 2876 3453 2797 3453 2719 3453 2719 3570 2719 3641 3957 3617 3957 3570 3957 3453 3894 3453"/></Shape>
	    <String CONTENT="Le Commissaire du Couvernement,"
                    HPOS="2719"
                    VPOS="3453"
                    WIDTH="1238"
                    HEIGHT="188"
                    WC="0.9892159411984105"></String>
          </TextLine>

          
          
          <TextLine ID="eSc_line_fbd4b88d"
                    TAGREFS="LT8440"
                    BASELINE="2841 3973 3810 3907" 
                    HPOS="2841.0"
                    VPOS="3907.0"
                    WIDTH="969.0"
                    HEIGHT="66.0">
            
	    <String CONTENT=""
                    HPOS="2841.0"
                    VPOS="3907.0"
                    WIDTH="969.0"
                    HEIGHT="66.0"></String>
          </TextLine>

          
          
          <TextLine ID="7cd4f45e-f1e0-4742-aaca-fd9e289879e7"
                    TAGREFS="LT6926"
                    BASELINE="5053 3573 5473 3572" 
                    HPOS="5046"
                    VPOS="3453"
                    WIDTH="423"
                    HEIGHT="180">
            <Shape><Polygon POINTS="5438 3453 5360 3453 5281 3453 5203 3453 5125 3453 5046 3453 5046 3570 5046 3633 5469 3617 5469 3570 5469 3453 5438 3453"/></Shape>
	    <String CONTENT="Le Creffier,"
                    HPOS="5046"
                    VPOS="3453"
                    WIDTH="423"
                    HEIGHT="180"
                    WC="0.9588243464628855"></String>
          </TextLine>

          
          
          <TextLine ID="18d11c72-0bf2-4985-be61-f84e822a873a"
                    TAGREFS="LT8440"
                    BASELINE="5017 4193 5900 4007" 
                    HPOS="4944.0"
                    VPOS="3703.0"
                    WIDTH="949.0"
                    HEIGHT="619.0">
            <Shape><Polygon POINTS="5015 4189 5046 4322 5893 4025 5893 4001 5830 3758 5657 3790 5642 3782 5454 3703 5446 3703 5438 3703 5430 3703 5422 3703 5422 3711 5352 3774 5179 3758 5172 3758 5164 3758 5156 3758 4944 3876 5015 4189"/></Shape>
	    <String CONTENT="+"
                    HPOS="4944.0"
                    VPOS="3703.0"
                    WIDTH="949.0"
                    HEIGHT="619.0"></String>
          </TextLine>

          
        </TextBlock>
        
        <TextBlock HPOS="1297.0"
                   VPOS="4219.0"
                   WIDTH="5185.0"
                   HEIGHT="4263.0"
                   ID="68c908c0-a84b-4b4d-9e64-ae733321c097"
                   TAGREFS="BT19261">
          <Shape><Polygon POINTS="1297 4219 6482 4219 6482 8482 1297 8482 1297 4219"/></Shape>
          
          
          <TextLine ID="eSc_line_b1719cd9"
                    TAGREFS="LT6927"
                    BASELINE="3557 4358 4572 4358" 
                    HPOS="3549"
                    VPOS="4220"
                    WIDTH="1019"
                    HEIGHT="204">
            <Shape><Polygon POINTS="4490 4220 4411 4220 4333 4220 4255 4220 4176 4220 4098 4220 4020 4220 3941 4220 3863 4220 3785 4220 3706 4220 3628 4220 3549 4220 3549 4353 3549 4408 4560 4424 4568 4353 4568 4220 4490 4220"/></Shape>
	    <String CONTENT="EXÉCUTOIRE"
                    HPOS="3549"
                    VPOS="4220"
                    WIDTH="1019"
                    HEIGHT="204"></String>
          </TextLine>

          
          
          <TextLine ID="0507ddf7-6499-41ae-8a8a-ba5a1b115e9b"
                    TAGREFS="LT6926"
                    BASELINE="1782 4820 5663 4835" 
                    HPOS="1771"
                    VPOS="4581"
                    WIDTH="3886"
                    HEIGHT="360">
            <Shape><Polygon POINTS="1778 4815 1771 4878 1818 4909 1825 4909 1833 4909 1841 4909 2962 4878 3134 4878 3150 4886 3189 4917 3197 4917 3205 4917 3212 4917 3424 4886 3502 4878 3604 4886 3988 4941 3996 4941 4513 4902 4780 4886 4803 4909 4835 4933 4835 4941 4842 4941 4850 4941 4858 4941 5650 4917 5657 4831 5634 4612 5391 4675 4984 4620 4803 4596 4795 4596 4607 4620 4419 4651 4263 4628 4153 4612 4145 4612 4137 4612 4074 4628 3988 4659 3949 4635 3894 4588 3886 4588 3879 4588 3871 4588 3212 4620 3150 4581 3142 4581 3134 4581 3126 4581 3118 4581 2977 4643 2946 4659 2907 4643 2828 4620 2821 4620 2813 4620 2805 4620 2695 4651 2625 4667 2468 4651 2194 4628 2186 4628 2178 4628 2170 4628 2123 4659 2100 4667 1778 4667 1778 4815"/></Shape>
	    <String CONTENT="Vu sa procédure instruite contre le soldat Stamens Florentin Joseph"
                    HPOS="1771"
                    VPOS="4581"
                    WIDTH="3886"
                    HEIGHT="360"></String>
          </TextLine>

          
          
          <TextLine ID="27a6cdbd-5466-4e15-aea2-54e0af836306"
                    TAGREFS="LT6926"
                    BASELINE="1666 4944 3066 4940" 
                    HPOS="1653"
                    VPOS="4823"
                    WIDTH="1411"
                    HEIGHT="235">
            <Shape><Polygon POINTS="1661 4941 1661 5058 1998 5058 1998 5050 2006 5050 2013 5050 2021 5043 2092 4996 2625 4996 2711 5019 2797 5043 2805 5043 2813 5043 3064 5003 3064 4933 3040 4823 1653 4839 1661 4941"/></Shape>
	    <String CONTENT="et les frais d&#x27;icelle dont le détail suit:"
                    HPOS="1653"
                    VPOS="4823"
                    WIDTH="1411"
                    HEIGHT="235"></String>
          </TextLine>

          
          
          <TextLine ID="2230b329-50c0-4e11-a2cc-6f6dcbac2833"
                    TAGREFS="LT6926"
                    BASELINE="2065 5133 5501 5148" 
                    HPOS="2053"
                    VPOS="4980"
                    WIDTH="3440"
                    HEIGHT="219">
            <Shape><Polygon POINTS="2053 5184 5477 5199 5493 5144 5485 5035 3024 4988 3017 4988 3009 4988 2993 4996 2891 5027 2687 4988 2672 4988 2664 4988 2648 4988 2264 5027 2068 4980 2061 5129 2053 5184"/></Shape>
	    <String CONTENT="1^o Coût du transport des pièces et objets pouvant servie à conviction ou à décharge................. ......"
                    HPOS="2053"
                    VPOS="4980"
                    WIDTH="3440"
                    HEIGHT="219"
                    WC="0.9498656309313245"></String>
          </TextLine>

          
          
          <TextLine ID="434b01bf-2bf3-4dea-b53c-004683ba713f"
                    TAGREFS="LT6926"
                    BASELINE="2054 5234 5501 5232" 
                    HPOS="2053"
                    VPOS="5129"
                    WIDTH="3440"
                    HEIGHT="164">
            <Shape><Polygon POINTS="5422 5144 5344 5144 5266 5144 5187 5144 5109 5144 5031 5144 4952 5144 4874 5144 4795 5144 4717 5144 4639 5144 4560 5144 4482 5144 4404 5144 4325 5144 4247 5144 4169 5144 4090 5144 4012 5144 3933 5144 3855 5144 3777 5144 3698 5137 3620 5137 3542 5137 3463 5137 3385 5137 3307 5137 3228 5137 3150 5137 3071 5137 2993 5137 2915 5137 2836 5137 2758 5137 2680 5137 2601 5137 2523 5137 2444 5137 2366 5137 2288 5137 2209 5137 2131 5137 2123 5129 2053 5129 2053 5230 2053 5285 5485 5293 5493 5230 5493 5144 5422 5144"/></Shape>
	    <String CONTENT="2^o Honoraires des officiers de santé, médecins, chirurgiens civils, sages-femmes, experts, interprètes, traducteurs et"
                    HPOS="2053"
                    VPOS="5129"
                    WIDTH="3440"
                    HEIGHT="164"
                    WC="0.964510826790919"></String>
          </TextLine>

          
          
          <TextLine ID="1c95de82-ec51-4507-8cf5-d770e7a77927"
                    TAGREFS="LT6926"
                    BASELINE="2202 5323 5506 5342" 
                    HPOS="2186"
                    VPOS="5223"
                    WIDTH="3315"
                    HEIGHT="156">
            <Shape><Polygon POINTS="2899 5230 2821 5230 2742 5230 2664 5230 2586 5230 2507 5230 2429 5230 2350 5230 2272 5230 2194 5230 2194 5317 2186 5371 5485 5379 5501 5340 5493 5230 2954 5223 2899 5230"/></Shape>
	    <String CONTENT="autres, appelés en justice................................................................."
                    HPOS="2186"
                    VPOS="5223"
                    WIDTH="3315"
                    HEIGHT="156"
                    WC="0.8953061511983043"></String>
          </TextLine>

          
          
          <TextLine ID="9148a748-253e-4c85-aed5-d94d70ed4bd9"
                    TAGREFS="LT6926"
                    BASELINE="2059 5425 5501 5432" 
                    HPOS="2045"
                    VPOS="5309"
                    WIDTH="3448"
                    HEIGHT="172">
            <Shape><Polygon POINTS="5422 5340 5344 5340 5266 5340 5187 5340 5109 5340 5031 5340 4952 5340 4874 5340 4795 5340 4717 5340 4639 5340 4560 5340 4482 5340 4404 5340 4325 5332 4247 5332 4169 5332 4090 5332 4012 5332 3933 5332 3855 5332 3777 5332 3698 5332 3620 5332 3542 5332 3463 5332 3385 5332 3307 5332 3228 5324 3150 5324 3071 5324 2993 5324 2915 5324 2836 5324 2758 5324 2680 5324 2601 5324 2523 5324 2444 5324 2366 5324 2288 5324 2209 5324 2194 5309 2053 5309 2053 5418 2045 5473 5477 5481 5493 5426 5485 5340 5422 5340"/></Shape>
	    <String CONTENT="3^o Indemnités accordées aux témoins civils et militaires.............................................."
                    HPOS="2045"
                    VPOS="5309"
                    WIDTH="3448"
                    HEIGHT="172"
                    WC="0.9153888314683861"></String>
          </TextLine>

          
          
          <TextLine ID="b0fc497d-ff3c-4e78-b1d2-f699839d6431"
                    TAGREFS="LT6926"
                    BASELINE="2054 5525 5501 5535" 
                    HPOS="2045"
                    VPOS="5426"
                    WIDTH="3448"
                    HEIGHT="149">
            <Shape><Polygon POINTS="5422 5426 5344 5426 5266 5426 5187 5426 5109 5426 5031 5426 4952 5426 4874 5426 4795 5426 4717 5426 4639 5426 4560 5426 4482 5426 4404 5426 4325 5426 4247 5426 4169 5426 4090 5426 4012 5426 3933 5426 3855 5426 3777 5426 3698 5426 3620 5426 3542 5426 3463 5426 3385 5426 3307 5426 3228 5426 3150 5426 3071 5426 2993 5426 2915 5426 2836 5426 2758 5426 2680 5426 2601 5426 2523 5426 2444 5426 2366 5426 2288 5426 2209 5426 2131 5426 2053 5426 2053 5520 2045 5559 5477 5575 5493 5528 5485 5426 5422 5426"/></Shape>
	    <String CONTENT="4^o Frais de garde de scellés et ceux de mise en fourrière............................................."
                    HPOS="2045"
                    VPOS="5426"
                    WIDTH="3448"
                    HEIGHT="149"
                    WC="0.9401787814639864"></String>
          </TextLine>

          
          
          <TextLine ID="88972e16-507a-4cee-bb26-cccfdc8abbe9"
                    TAGREFS="LT6926"
                    BASELINE="2054 5608 5496 5625" 
                    HPOS="2045"
                    VPOS="5505"
                    WIDTH="3448"
                    HEIGHT="156">
            <Shape><Polygon POINTS="3698 5512 3620 5512 3542 5512 3463 5512 3385 5512 3307 5512 3228 5512 3150 5512 3071 5512 2993 5512 2915 5512 2836 5520 2758 5520 2680 5520 2601 5520 2523 5520 2444 5520 2366 5520 2288 5520 2209 5520 2131 5520 2053 5520 2053 5606 2045 5661 5485 5661 5493 5622 5485 5520 3698 5505 3698 5512"/></Shape>
	    <String CONTENT="5^o Indemnités de route, de transport et de séjour, accordées aux membres des tribunaux militaires pour les dépla-"
                    HPOS="2045"
                    VPOS="5505"
                    WIDTH="3448"
                    HEIGHT="156"
                    WC="0.9538893490775019"></String>
          </TextLine>

          
          
          <TextLine ID="5d6d2765-0d6d-4dd8-9562-c8d31316903a"
                    TAGREFS="LT6926"
                    BASELINE="2199 5712 5506 5723" 
                    HPOS="2186"
                    VPOS="5614"
                    WIDTH="3315"
                    HEIGHT="172">
            <Shape><Polygon POINTS="5485 5622 5407 5622 5328 5622 5250 5622 5172 5622 5093 5622 5015 5622 4937 5622 4858 5622 4780 5622 4701 5622 4623 5622 4545 5622 4466 5622 4388 5622 4310 5622 4231 5622 4153 5622 4074 5622 3996 5622 3918 5622 3839 5622 3761 5614 3683 5614 3604 5614 3526 5614 3448 5614 3369 5614 3291 5614 3212 5614 3134 5614 3056 5614 2977 5614 2899 5614 2821 5614 2742 5614 2664 5614 2586 5614 2507 5614 2429 5614 2350 5614 2272 5614 2194 5614 2194 5708 2186 5755 5485 5786 5501 5716 5493 5622 5485 5614 5485 5622"/></Shape>
	    <String CONTENT="cements auxquels l&#x27;instruction des procédures peut donner lieu, ainsi que toutes autres dépenses nécessitées"
                    HPOS="2186"
                    VPOS="5614"
                    WIDTH="3315"
                    HEIGHT="172"
                    WC="0.9684012500015465"></String>
          </TextLine>

          
          
          <TextLine ID="05fc2bd9-07d8-4eab-aec2-521b556162d1"
                    TAGREFS="LT6926"
                    BASELINE="2194 5803 5501 5817" 
                    HPOS="2178"
                    VPOS="5708"
                    WIDTH="3315"
                    HEIGHT="141">
            <Shape><Polygon POINTS="5477 5716 5399 5716 5321 5716 5242 5716 5164 5716 5085 5716 5007 5716 4929 5716 4850 5716 4772 5716 4694 5716 4615 5716 4537 5716 4458 5716 4380 5716 4302 5716 4223 5716 4145 5716 4067 5716 3988 5716 3910 5716 3832 5716 3753 5716 3675 5716 3596 5716 3518 5716 3440 5716 3361 5716 3283 5716 3205 5716 3126 5716 3048 5716 2970 5716 2891 5716 2813 5716 2734 5716 2656 5716 2578 5716 2499 5716 2421 5716 2343 5716 2264 5716 2186 5708 2186 5802 2178 5841 5477 5849 5493 5810 5485 5716 5477 5716"/></Shape>
	    <String CONTENT="de ce chef.............................................................................."
                    HPOS="2178"
                    VPOS="5708"
                    WIDTH="3315"
                    HEIGHT="141"
                    WC="0.910457031671391"></String>
          </TextLine>

          
          
          <TextLine ID="dd9eb4f6-539b-4488-aa86-121ee523a53c"
                    TAGREFS="LT6926"
                    BASELINE="2063 5905 5511 5921" 
                    HPOS="2053"
                    VPOS="5786"
                    WIDTH="3456"
                    HEIGHT="181">
            <Shape><Polygon POINTS="5430 5810 5352 5810 5273 5810 5195 5810 5117 5810 5038 5810 4960 5810 4882 5810 4803 5810 4725 5810 4647 5810 4568 5810 4490 5810 4411 5810 4333 5810 4255 5810 4176 5810 4098 5810 4020 5810 3941 5810 3863 5810 3785 5810 3706 5810 3628 5810 3549 5810 3471 5810 3393 5810 3314 5810 3236 5810 3158 5810 3079 5810 3001 5810 2923 5810 2844 5810 2766 5810 2687 5810 2609 5810 2531 5810 2452 5810 2374 5810 2296 5810 2217 5810 2202 5786 2061 5786 2061 5904 2053 5951 5493 5967 5509 5920 5509 5810 5430 5802 5430 5810"/></Shape>
	    <String CONTENT="6^o Port des lettres et paquets pour l&#x27;instruction, sauf le port des lettres résultant de l&#x27;application de la loi du"
                    HPOS="2053"
                    VPOS="5786"
                    WIDTH="3456"
                    HEIGHT="181"
                    WC="0.9719364576298615"></String>
          </TextLine>

          
          
          <TextLine ID="6c87625b-4c6e-48ab-82b8-9f2ddacb0713"
                    TAGREFS="LT6926"
                    BASELINE="2211 5996 5506 6011" 
                    HPOS="2202"
                    VPOS="5912"
                    WIDTH="3299"
                    HEIGHT="141">
            <Shape><Polygon POINTS="5422 5920 5344 5920 5266 5920 5187 5920 5109 5920 5031 5920 4952 5920 4874 5920 4795 5920 4717 5920 4639 5920 4560 5920 4482 5920 4404 5920 4325 5920 4247 5920 4169 5920 4090 5920 4012 5920 3933 5920 3855 5920 3777 5912 3698 5912 3620 5912 3542 5912 3463 5912 3385 5912 3307 5912 3228 5912 3150 5912 3071 5912 2993 5912 2915 5912 2836 5912 2758 5912 2680 5912 2601 5912 2523 5912 2444 5912 2366 5912 2288 5912 2209 5912 2209 5990 2202 6037 5485 6053 5501 6006 5493 5920 5422 5920"/></Shape>
	    <String CONTENT="15 juin 1899............................................................................"
                    HPOS="2202"
                    VPOS="5912"
                    WIDTH="3299"
                    HEIGHT="141"
                    WC="0.8928526036879596"></String>
          </TextLine>

          
          
          <TextLine ID="a7f1be99-3819-4e07-a36d-8868edea17f4"
                    TAGREFS="LT6926"
                    BASELINE="2053 6099 5501 6105" 
                    HPOS="2037"
                    VPOS="5982"
                    WIDTH="3456"
                    HEIGHT="188">
            <Shape><Polygon POINTS="5415 6006 5336 6006 5258 6006 5179 6006 5101 6006 5023 6006 4944 6006 4866 6006 4788 6006 4709 6006 4631 6006 4553 6006 4474 6006 4396 6006 4317 6006 4239 6006 4161 6006 4082 6006 4004 6006 3926 6006 3847 5998 3769 5998 3691 5998 3612 5998 3534 5998 3455 5998 3377 5998 3299 5998 3220 5998 3142 5998 3064 5998 2985 5998 2907 5998 2828 5998 2750 5998 2672 5998 2593 5998 2515 5998 2437 5998 2358 5998 2280 5998 2202 5990 2194 5982 2045 5982 2045 6092 2037 6147 5477 6170 5493 6100 5485 6006 5415 6006"/></Shape>
	    <String CONTENT="7^o Frais l&#x27;impression des arrêts, jugements et ordonnances de justice, quand il y a lieu.................."
                    HPOS="2037"
                    VPOS="5982"
                    WIDTH="3456"
                    HEIGHT="188"
                    WC="0.9249884752573165"></String>
          </TextLine>

          
          
          <TextLine ID="f97edd0b-42d9-4e8d-bad9-087678bef0e7"
                    TAGREFS="LT6926"
                    BASELINE="2038 6188 5501 6208" 
                    HPOS="2029"
                    VPOS="6092"
                    WIDTH="3464"
                    HEIGHT="164">
            <Shape><Polygon POINTS="5407 6100 5328 6100 5250 6100 5172 6100 5093 6100 5015 6100 4937 6100 4858 6100 4780 6100 4701 6100 4623 6100 4545 6100 4466 6100 4388 6100 4310 6100 4231 6100 4153 6100 4074 6100 3996 6100 3918 6100 3839 6100 3761 6100 3683 6100 3604 6100 3526 6100 3448 6100 3369 6100 3291 6100 3212 6100 3134 6100 3056 6100 2977 6100 2899 6100 2821 6100 2742 6100 2664 6100 2586 6100 2507 6100 2429 6100 2350 6100 2272 6100 2194 6100 2115 6100 2037 6092 2037 6186 2029 6225 5477 6256 5493 6202 5485 6100 5407 6100"/></Shape>
	    <String CONTENT="8^o Prime de capture des contumax, des déserteurs et des insoumis......................................"
                    HPOS="2029"
                    VPOS="6092"
                    WIDTH="3464"
                    HEIGHT="164"
                    WC="0.9470513839166141"></String>
          </TextLine>

          
          
          <TextLine ID="42c172a1-2b39-46b9-a8da-957dad1e1bf6"
                    TAGREFS="LT6926"
                    BASELINE="2047 6278 5506 6307" 
                    HPOS="2037"
                    VPOS="6194"
                    WIDTH="3464"
                    HEIGHT="156">
            <Shape><Polygon POINTS="5415 6202 5336 6202 5258 6202 5179 6202 5101 6202 5023 6202 4944 6202 4866 6202 4788 6202 4709 6202 4631 6202 4553 6202 4474 6202 4396 6202 4317 6202 4239 6202 4161 6202 4082 6202 4004 6202 3926 6202 3847 6202 3769 6202 3691 6194 3612 6194 3534 6194 3455 6194 3377 6194 3299 6194 3220 6194 3142 6194 3064 6194 2985 6194 2907 6194 2828 6194 2750 6194 2672 6194 2593 6194 2515 6194 2437 6194 2358 6194 2280 6194 2202 6194 2123 6194 2045 6194 2045 6272 2037 6335 5485 6350 5501 6303 5493 6202 5415 6202"/></Shape>
	    <String CONTENT="9^o Frais résultant de l&#x27;obtention des extraits du casier judiciaire........................................."
                    HPOS="2037"
                    VPOS="6194"
                    WIDTH="3464"
                    HEIGHT="156"
                    WC="0.9646240932132126"></String>
          </TextLine>

          
          
          <TextLine ID="27f984fb-65a8-405f-a4b0-8479fc9cc171"
                    TAGREFS="LT6926"
                    BASELINE="2007 6377 5496 6401" 
                    HPOS="1998"
                    VPOS="6264"
                    WIDTH="3495"
                    HEIGHT="180">
            <Shape><Polygon POINTS="5454 6303 5375 6303 5297 6303 5219 6303 5140 6303 5062 6303 4984 6303 4905 6303 4827 6303 4748 6303 4670 6303 4592 6295 4513 6295 4435 6295 4357 6295 4278 6295 4200 6295 4122 6295 4043 6295 3965 6295 3886 6295 3808 6295 3730 6288 3651 6288 3573 6288 3495 6288 3416 6288 3338 6288 3259 6288 3181 6288 3103 6288 3024 6288 2946 6288 2868 6280 2789 6280 2711 6280 2633 6280 2554 6280 2476 6280 2397 6280 2319 6280 2241 6280 2162 6280 2084 6280 2076 6264 2006 6264 2006 6374 1998 6436 5477 6444 5493 6397 5485 6303 5454 6303"/></Shape>
	    <String CONTENT="10^o Prix du bulletin n^o 1 et du duplicata dudit (décret du 12 décembre 1899, art. 13)....................."
                    HPOS="1998"
                    VPOS="6264"
                    WIDTH="3495"
                    HEIGHT="180"
                    WC="0.9411211062561382"></String>
          </TextLine>

          
          
          <TextLine ID="b9cd6ee8-1773-4eb6-b479-63243d5a8206"
                    TAGREFS="LT6926"
                    BASELINE="2026 6475 5506 6501" 
                    HPOS="2013"
                    VPOS="6382"
                    WIDTH="3488"
                    HEIGHT="164">
            <Shape><Polygon POINTS="5469 6397 5391 6397 5313 6397 5234 6397 5156 6397 5078 6397 4999 6397 4921 6397 4842 6397 4764 6397 4686 6397 4607 6397 4529 6397 4451 6397 4372 6397 4294 6389 4216 6389 4137 6389 4059 6389 3980 6389 3902 6389 3824 6389 3745 6389 3667 6389 3589 6389 3510 6389 3432 6389 3354 6389 3275 6389 3197 6389 3118 6382 3040 6382 2962 6382 2883 6382 2805 6382 2727 6382 2648 6382 2570 6382 2492 6382 2413 6382 2335 6382 2256 6382 2178 6382 2100 6382 2021 6382 2021 6468 2013 6530 5485 6546 5501 6499 5493 6389 5469 6382 5469 6397"/></Shape>
	    <String CONTENT="11^o Coût des bulletins n^o 1 et du duplicata de ces bulletins établis par les greffiers des conseils de guerre au sujet"
                    HPOS="2013"
                    VPOS="6382"
                    WIDTH="3488"
                    HEIGHT="164"
                    WC="0.9507010726857994"></String>
          </TextLine>

          
          
          <TextLine ID="c520bdd6-736b-4ea0-ad4e-b9b2fa30ae7c"
                    TAGREFS="LT6926"
                    BASELINE="2242 6565 5506 6590" 
                    HPOS="2233"
                    VPOS="6476"
                    WIDTH="3268"
                    HEIGHT="180">
            <Shape><Polygon POINTS="5454 6499 5375 6499 5297 6499 5219 6499 5140 6499 5062 6499 4984 6499 4905 6499 4827 6499 4748 6499 4670 6499 4592 6491 4513 6491 4435 6491 4357 6491 4278 6491 4200 6491 4122 6491 4043 6491 3965 6491 3886 6491 3808 6491 3730 6483 3651 6483 3573 6483 3495 6483 3416 6483 3338 6483 3259 6483 3181 6483 3103 6483 3024 6483 2946 6483 2868 6476 2789 6476 2711 6476 2633 6476 2554 6476 2476 6476 2397 6476 2319 6476 2241 6476 2241 6562 2233 6609 5485 6656 5501 6585 5493 6499 5454 6499"/></Shape>
	    <String CONTENT="des condamnations prononcées par ces conseils (décret du 12 décembre 1899, art. 13)...................."
                    HPOS="2233"
                    VPOS="6476"
                    WIDTH="3268"
                    HEIGHT="180"
                    WC="0.9726406744882172"></String>
          </TextLine>

          
          
          <TextLine ID="f0a8423a-46af-4a5e-b1f2-14fdb3980db9"
                    TAGREFS="LT6926"
                    BASELINE="2030 6659 5767 6694" 
                    HPOS="2021"
                    VPOS="6546"
                    WIDTH="3738"
                    HEIGHT="196">
            <Shape><Polygon POINTS="5477 6585 5399 6585 5321 6585 5242 6585 5164 6585 5085 6585 5007 6585 4929 6585 4850 6585 4772 6585 4694 6585 4615 6585 4537 6585 4458 6585 4380 6577 4302 6577 4223 6577 4145 6577 4067 6577 3988 6577 3910 6577 3832 6577 3753 6577 3675 6577 3596 6577 3518 6577 3440 6577 3361 6577 3283 6570 3205 6570 3126 6570 3048 6570 2970 6570 2891 6570 2813 6570 2734 6570 2656 6570 2578 6570 2499 6570 2421 6570 2343 6570 2264 6570 2241 6546 2029 6546 2029 6656 2021 6711 5744 6742 5759 6687 5759 6585 5477 6577 5477 6585"/></Shape>
	    <String CONTENT="12^o Frais de procédure ou coût du jugement........................................................ 12^f 00"
                    HPOS="2021"
                    VPOS="6546"
                    WIDTH="3738"
                    HEIGHT="196"></String>
          </TextLine>

          
          
          <TextLine ID="12e69925-c4b8-4172-9b4b-6afeca98d1d7"
                    TAGREFS="LT6926"
                    BASELINE="2026 6757 5506 6788" 
                    HPOS="2013"
                    VPOS="6656"
                    WIDTH="3488"
                    HEIGHT="180">
            <Shape><Polygon POINTS="5469 6687 5391 6687 5313 6687 5234 6687 5156 6687 5078 6687 4999 6687 4921 6687 4842 6687 4764 6679 4686 6679 4607 6679 4529 6679 4451 6679 4372 6679 4294 6679 4216 6679 4137 6679 4059 6679 3980 6679 3902 6679 3824 6671 3745 6671 3667 6671 3589 6671 3510 6671 3432 6671 3354 6671 3275 6671 3197 6671 3118 6671 3040 6671 2962 6671 2883 6664 2805 6664 2727 6664 2648 6664 2570 6664 2492 6664 2413 6664 2335 6664 2256 6664 2178 6664 2100 6664 2021 6656 2021 6750 2013 6812 5485 6836 5501 6781 5493 6687 5469 6687"/></Shape>
	    <String CONTENT="13^o Amende........................................................................................."
                    HPOS="2013"
                    VPOS="6656"
                    WIDTH="3488"
                    HEIGHT="180"
                    WC="0.89547367205565"></String>
          </TextLine>

          
          
          <TextLine ID="885afc67-1a1d-43c7-b145-f860ad22a685"
                    TAGREFS="LT6926"
                    BASELINE="2012 6856 5506 6887" 
                    HPOS="1998"
                    VPOS="6758"
                    WIDTH="3503"
                    HEIGHT="164">
            <Shape><Polygon POINTS="2006 6851 1998 6891 5485 6922 5501 6883 5493 6789 2006 6758 2006 6851"/></Shape>
	    <String CONTENT="14^o Décimes additionnels (en France)..............................................................."
                    HPOS="1998"
                    VPOS="6758"
                    WIDTH="3503"
                    HEIGHT="164"
                    WC="0.9324872388194004"></String>
          </TextLine>

          
          
          <TextLine ID="7976f79e-cdc2-4f38-87b2-4b1e01f6c807"
                    TAGREFS="LT6926"
                    BASELINE="2018 6946 5496 6976" 
                    HPOS="2006"
                    VPOS="6859"
                    WIDTH="3487"
                    HEIGHT="165">
            <Shape><Polygon POINTS="5462 6883 5383 6883 5305 6883 5226 6883 5148 6883 5070 6883 4991 6883 4913 6883 4835 6883 4756 6883 4678 6883 4600 6875 4521 6875 4443 6875 4364 6875 4286 6875 4208 6875 4129 6875 4051 6875 3973 6875 3894 6875 3816 6875 3738 6867 3659 6867 3581 6867 3502 6867 3424 6867 3346 6867 3267 6867 3189 6867 3111 6867 3032 6867 2954 6867 2876 6859 2797 6859 2719 6859 2640 6859 2562 6859 2484 6859 2405 6859 2327 6859 2249 6859 2170 6859 2092 6859 2013 6859 2013 6945 2006 6985 5477 7024 5493 6969 5485 6883 5462 6883"/></Shape>
	    <String CONTENT="15^o Frais fixes de procédure devant la Cour de cassation ou le Conseil de revision..........................."
                    HPOS="2006"
                    VPOS="6859"
                    WIDTH="3487"
                    HEIGHT="165"
                    WC="0.970159874721007"></String>
          </TextLine>

          
          
          <TextLine ID="109bb5e2-7cec-440c-b865-df95a4cc5913"
                    TAGREFS="LT6926"
                    BASELINE="2016 7035 5496 7070" 
                    HPOS="2006"
                    VPOS="6953"
                    WIDTH="3487"
                    HEIGHT="165">
            <Shape><Polygon POINTS="5462 6969 5383 6969 5305 6969 5226 6969 5148 6969 5070 6969 4991 6969 4913 6969 4835 6969 4756 6969 4678 6969 4600 6969 4521 6969 4443 6969 4364 6969 4286 6961 4208 6961 4129 6961 4051 6961 3973 6961 3894 6961 3816 6961 3738 6961 3659 6961 3581 6961 3502 6961 3424 6961 3346 6961 3267 6961 3189 6961 3111 6953 3032 6953 2954 6953 2876 6953 2797 6953 2719 6953 2640 6953 2562 6953 2484 6953 2405 6953 2327 6953 2249 6953 2170 6953 2092 6953 2013 6953 2013 7032 2006 7086 5477 7118 5493 7063 5485 6969 5462 6969"/></Shape>
	    <String CONTENT="16^o Frais fixes de procédure devant le Conseil de guerre jugeant en 2^e instance............................."
                    HPOS="2006"
                    VPOS="6953"
                    WIDTH="3487"
                    HEIGHT="165"
                    WC="0.9559041251029287"></String>
          </TextLine>

          
          
          <TextLine ID="392c33b5-b382-4858-aadf-d1a261f44460"
                    TAGREFS="LT6926"
                    BASELINE="3264 7238 5522 7235" 
                    HPOS="3252"
                    VPOS="7110"
                    WIDTH="2264"
                    HEIGHT="235">
            <Shape><Polygon POINTS="3259 7235 3259 7313 5501 7345 5516 7227 5493 7110 3252 7118 3259 7235"/></Shape>
	    <String CONTENT="TOTAL.................................................."
                    HPOS="3252"
                    VPOS="7110"
                    WIDTH="2264"
                    HEIGHT="235"></String>
          </TextLine>

          
          
          <TextLine ID="93c66444-7af8-4e46-8521-32c27930cb37"
                    TAGREFS="LT6926"
                    BASELINE="1772 7514 5240 7507 6349 7519" 
                    HPOS="1763"
                    VPOS="7400"
                    WIDTH="4584"
                    HEIGHT="180">
            <Shape><Polygon POINTS="1771 7509 1771 7564 6331 7580 6347 7517 6339 7407 1763 7400 1771 7509"/></Shape>
	    <String CONTENT="Vu le dispositif du jugement définitif, l&#x27;article 139 du Code de justice militaire, le Président du Conseil de guerre"
                    HPOS="1763"
                    VPOS="7400"
                    WIDTH="4584"
                    HEIGHT="180"></String>
          </TextLine>

          
          
          <TextLine ID="a8134a50-46e8-4077-9667-8e3f1db702cd"
                    TAGREFS="LT6926"
                    BASELINE="1676 7625 5160 7665" 
                    HPOS="1661"
                    VPOS="7525"
                    WIDTH="3495"
                    HEIGHT="172">
            <Shape><Polygon POINTS="1669 7619 1661 7697 5148 7697 5156 7658 5156 7564 1669 7525 1669 7619"/></Shape>
	    <String CONTENT="permanent de la  liquide les frais dont l&#x27;état est ci-dessus à la somme de"
                    HPOS="1661"
                    VPOS="7525"
                    WIDTH="3495"
                    HEIGHT="172"></String>
          </TextLine>

          
          
          <TextLine ID="a20efde3-c12d-49d4-9e9c-3e8863f240ce"
                    TAGREFS="LT6926"
                    BASELINE="3421 7755 6010 7780 6354 7748" 
                    HPOS="3408"
                    VPOS="7642"
                    WIDTH="2939"
                    HEIGHT="173">
            <Shape><Polygon POINTS="5140 7658 5062 7658 4984 7658 4905 7658 4827 7658 4748 7658 4670 7658 4592 7658 4513 7658 4451 7650 3416 7650 3416 7752 3408 7799 6331 7815 6347 7744 6324 7642 5140 7642 5140 7658"/></Shape>
	    <String CONTENT="du montant de laquelle il délivre le présent exécutoire, pour le recouvrement de"
                    HPOS="3408"
                    VPOS="7642"
                    WIDTH="2939"
                    HEIGHT="173"></String>
          </TextLine>

          
          
          <TextLine ID="2b29a6a3-02e6-461c-a360-13421c3f44c4"
                    TAGREFS="LT6926"
                    BASELINE="1681 7853 5831 7893 5831 7893 6231 7870" 
                    HPOS="1669"
                    VPOS="7736"
                    WIDTH="4561"
                    HEIGHT="196">
            <Shape><Polygon POINTS="3871 7752 3792 7752 3714 7752 3636 7752 3557 7752 3479 7752 3471 7744 1677 7736 1677 7846 1669 7893 6214 7932 6230 7869 6214 7768 3941 7752 3871 7752"/></Shape>
	    <String CONTENT="ladite somme être poursuivi sur les biens présents et à venir d - condamné, par les percepteurs des Contributions directes."
                    HPOS="1669"
                    VPOS="7736"
                    WIDTH="4561"
                    HEIGHT="196"></String>
          </TextLine>

          
          
          <TextLine ID="2648e058-4487-49b5-8e71-1849cae5a9d3"
                    TAGREFS="LT6926"
                    BASELINE="1782 7964 6002 8004 6349 7974" 
                    HPOS="1771"
                    VPOS="7854"
                    WIDTH="4576"
                    HEIGHT="188">
            <Shape><Polygon POINTS="6159 7877 6088 7877 6010 7885 5932 7885 5853 7885 5775 7885 5697 7885 5618 7885 5540 7885 5462 7885 5383 7885 5305 7885 5226 7885 5148 7885 5070 7885 4991 7877 4913 7877 4835 7877 4756 7877 4678 7877 4600 7877 4521 7877 4443 7877 4364 7877 4286 7877 4208 7877 4129 7869 4051 7869 3973 7869 3894 7869 3816 7869 3738 7869 3659 7869 3581 7869 3502 7869 3424 7869 3346 7869 3267 7862 3189 7862 3111 7862 3032 7862 2954 7862 2876 7862 2797 7862 2719 7862 2640 7862 2562 7862 2515 7854 1778 7854 1778 7963 1771 8018 6331 8042 6347 7971 6331 7877 6159 7869 6159 7877"/></Shape>
	    <String CONTENT="En conséquence, LE PRÉSIDENT DE LA RÉPUBLIQUE MANDE ET ORDONNE a tous huissiers sur ce requis de mettre ledit jugement à"
                    HPOS="1771"
                    VPOS="7854"
                    WIDTH="4576"
                    HEIGHT="188"></String>
          </TextLine>

          
          
          <TextLine ID="29dc945d-357b-45c9-bc42-835dc3e8242e"
                    TAGREFS="LT6926"
                    BASELINE="1671 8083 6053 8118 6352 8070" 
                    HPOS="1661"
                    VPOS="7963"
                    WIDTH="4686"
                    HEIGHT="228">
            <Shape><Polygon POINTS="3158 7971 3079 7971 3001 7971 2923 7971 2844 7971 2766 7971 2687 7971 2609 7971 2531 7971 2452 7971 2374 7971 2296 7971 2217 7971 2139 7971 2061 7971 1982 7971 1904 7971 1825 7971 1818 7963 1669 7963 1669 8081 1661 8159 6331 8191 6347 8065 6324 7987 3220 7971 3158 7971"/></Shape>
	    <String CONTENT="exécution; aux Procureurs généraux et aux Procureurs de la République près les tribunaux de première instance d&#x27;y tenir la"
                    HPOS="1661"
                    VPOS="7963"
                    WIDTH="4686"
                    HEIGHT="228"></String>
          </TextLine>

          
          
          <TextLine ID="d084346b-01a3-49ad-9f23-10ccead2bf89"
                    TAGREFS="LT6926"
                    BASELINE="1677 8194 5898 8234" 
                    HPOS="1661"
                    VPOS="8097"
                    WIDTH="4232"
                    HEIGHT="188">
            <Shape><Polygon POINTS="1669 8191 1661 8238 5877 8285 5893 8230 5885 8112 1669 8097 1669 8191"/></Shape>
	    <String CONTENT="main; à tous commandants et officiers de la force publique de prêter main-forte lorsqu&#x27;ils en seront légalement requis."
                    HPOS="1661"
                    VPOS="8097"
                    WIDTH="4232"
                    HEIGHT="188"></String>
          </TextLine>

          
          
          <TextLine ID="27821112-13a1-44b2-b542-5550acd1ac32"
                    TAGREFS="LT6926"
                    BASELINE="1796 8313 5965 8349" 
                    HPOS="1786"
                    VPOS="8198"
                    WIDTH="4177"
                    HEIGHT="259">
            <Shape><Polygon POINTS="2813 8198 2734 8198 2656 8198 2578 8198 2499 8198 2421 8198 2343 8198 2264 8198 2186 8198 2108 8198 2029 8198 1951 8198 1872 8198 1794 8198 1794 8308 1786 8378 3079 8378 3142 8410 3165 8425 3173 8425 3181 8425 3189 8425 3197 8425 3252 8410 3361 8378 3502 8418 3612 8441 3620 8441 3628 8441 3863 8418 4231 8386 4270 8425 4286 8441 4286 8449 4294 8449 4302 8449 4310 8449 4443 8433 4709 8394 4952 8441 5007 8449 5015 8449 5023 8449 5031 8449 5038 8441 5117 8394 5947 8457 5963 8347 5955 8222 2828 8198 2813 8198"/></Shape>
	    <String CONTENT="Fait en la Chambre du Conseil de guerre, à Hesdin (Pas de Calais), le 11 janvier 1915"
                    HPOS="1786"
                    VPOS="8198"
                    WIDTH="4177"
                    HEIGHT="259"></String>
          </TextLine>

          
        </TextBlock>
        
        <TextBlock HPOS="1636.0"
                   VPOS="8672.0"
                   WIDTH="1395.0"
                   HEIGHT="224.0"
                   ID="d7fbfdfd-15a7-466d-afa6-4332b1df3758"
                   TAGREFS="BT21627">
          <Shape><Polygon POINTS="1636 8672 3031 8672 3031 8896 1636 8896 1636 8672"/></Shape>
          
          
          <TextLine ID="2a34d2fa-9372-48c3-aefb-15a63d022bfd"
                    TAGREFS="LT6926"
                    BASELINE="1755 8751 2984 8745" 
                    HPOS="1739"
                    VPOS="8676"
                    WIDTH="1238"
                    HEIGHT="133">
            <Shape><Polygon POINTS="2915 8676 2836 8676 2758 8676 2680 8676 2601 8676 2523 8676 2444 8676 2366 8676 2288 8676 2209 8676 2131 8676 2053 8676 1974 8676 1896 8676 1818 8676 1739 8676 1747 8747 1747 8801 2970 8809 2977 8739 2962 8676 2915 8676"/></Shape>
	    <String CONTENT="(1) En France, en Algérie et en Tunisie."
                    HPOS="1739"
                    VPOS="8676"
                    WIDTH="1238"
                    HEIGHT="133"></String>
          </TextLine>

          
          
          <TextLine ID="516a1a73-4315-4bba-a4b0-cc3e1666b6a6"
                    TAGREFS="LT6926"
                    BASELINE="1736 8845 2721 8841" 
                    HPOS="1724"
                    VPOS="8747"
                    WIDTH="995"
                    HEIGHT="180">
            <Shape><Polygon POINTS="2664 8747 2586 8747 2507 8747 2429 8747 2350 8747 2272 8747 2194 8747 2115 8747 2037 8747 1959 8747 1880 8747 1802 8747 1724 8747 1731 8841 1731 8927 2719 8927 2719 8833 2703 8747 2664 8747"/></Shape>
	    <String CONTENT="(2) Aux colonies et aux armées."
                    HPOS="1724"
                    VPOS="8747"
                    WIDTH="995"
                    HEIGHT="180"></String>
          </TextLine>

          
        </TextBlock>
        
        <TextBlock HPOS="4563.0"
                   VPOS="8485.0"
                   WIDTH="1499.0"
                   HEIGHT="606.0"
                   ID="32848d2d-dc49-4a15-b698-b6a7e48fabb5"
                   TAGREFS="BT21629">
          <Shape><Polygon POINTS="4563 8485 6062 8485 6062 9091 4563 9091 4563 8485"/></Shape>
          
          
          <TextLine ID="cb01a442-280a-45c1-a5e5-e116b8a6114e"
                    TAGREFS="LT6926"
                    BASELINE="4712 8568 5172 8568" 
                    HPOS="4709"
                    VPOS="8488"
                    WIDTH="455"
                    HEIGHT="141">
            <Shape><Polygon POINTS="5101 8488 5023 8488 4944 8488 4866 8488 4788 8488 4709 8488 4709 8566 4709 8613 5156 8629 5164 8566 5164 8488 5101 8488"/></Shape>
	    <String CONTENT="Le Président,"
                    HPOS="4709"
                    VPOS="8488"
                    WIDTH="455"
                    HEIGHT="141"></String>
          </TextLine>

          
          
          <TextLine ID="5dded411-4382-433d-a6ea-27b4099458c0"
                    TAGREFS="LT6926"
                    BASELINE="4683 8850 5551 8817" 
                    HPOS="4662.0"
                    VPOS="8629.0"
                    WIDTH="886.0"
                    HEIGHT="321.0">
            <Shape><Polygon POINTS="4678 8848 4678 8934 5117 8903 5195 8942 5211 8950 5219 8950 5226 8950 5548 8934 5548 8809 5532 8629 4662 8629 4678 8848"/></Shape>
	    <String CONTENT="+"
                    HPOS="4662.0"
                    VPOS="8629.0"
                    WIDTH="886.0"
                    HEIGHT="321.0"></String>
          </TextLine>

          
        </TextBlock>
        

        
      </PrintSpace>
    </Page>
  </Layout>
</alto>
