6458 9397
1786 368 4585 250 La séance ayant été ouverte, le Président a fait apporter et déposer devant lui, sur le bureau, un exemplaire du Code du justice

1661 540 4702 196 militaire, du Code d'instruction criminelle et du Code pénal ordinaire, et ordonné à la garde d'amener l'accusé, qui a

1653 665 4695 204 été introduit, libre et sans fers, devant le Conseil, accompagné de son défenseur Monsieur le Lieutenant

1583 783 4271 274 Laporte attaché de 1^re classe à l'Intendance désigné d'office

1771 1307 4585 290 Interrogé de ses nom, prénoms, âge, lieu de naissance, état profession et domicile l'accusé

1771 1519 4530 180 a répondu se nommer Dequeker Henri Louis Joseph, âgé de quarante

1559 1636 4726 243 six ans, né à Méris, arrondissement d'Hazebrouck (Nord) marié

1583 1793 4459 258 quatre enfants, profession de surveillant des mine, domicilié

1583 1957 4710 235 Aix-Moulette (Pas-de-Calais) actuellement soldat au 8ê Régiment

1598 2114 4287 274 Territorial d'Infanterie, détaché au Bataillon de Génie de Etapes

1716 2811 4671 250 Le Président, après avoir fait lire par le greffier de convocation, le rapport prescrit par l'article 108 du Code de justice

1669 2991 4585 196 militaire, et les pièces dont la lecture lui a paru nécessaire, a fait connaître a l'accusé les faits à raison desquels il est

1677 3116 3989 188 poursuivi, et lui a donné, ainsi qu'au défenseur, l'avertissement indiqué en l'article 121 dudit Code;

1747 3249 2014 165 Après quoi, il a procédé à l'interrogatoire de l'accusé

3824 3187 2532 211 et a fait entendre publiquement et séparément les témoins à charge (1)

2507 3343 3864 196 ; lesdits témoins ayant au préalable prêté serment de parler sans haine et sans crainte, jure de dire toute la

1661 3390 948 259 vérité et rien que la vérité;

1732 3782 4631 297 Et le Président ayant, en outre, rempli à leur égard les formalités proscrites par las articles 317 et 319 du Code d'instruction

1677 3993 360 188 criminelle;

1739 4111 126 219 (2)

1724 4870 4694 306 Ouï M. le Commissaire du Gouvernement en ses réquisitions tendant à ce que (3) le susnommé soit déclaré

1638 5066 4733 243 coupable de désertion à l'intérieur sur un territoire en état

1606 5238 4710 274 de guerre et qu'il lui soit fait application des articles

1645 5403 4044 266 231, 232 et 234 du Code de Justice Militaire

1638 5685 4725 274 et l'accusé dans ses moyens de défense, tant par lui que par son défenseur, lesquels ont

1638 5888 4725 204 déclaré n'avoir rien à ajouter à leurs moyens de défense, et ont eu la parole les derniers, le Président a déclaré les débats terminés,

1630 6021 2374 196 et il a ordonné au défenseur et à l'accusé de se retirer.

1755 6397 2218 212 L'accusé a été reconduit par l'escorte à la prison;

4004 6382 2328 203 le Commissaire du Gouvernement, le Greffier et les assistants dans

1669 6538 2030 180 l'auditoire se sont retirés sur l'invitation du Président (4);

3722 6483 2696 204 Le Tribunal s'est retiré dans la chambre des délibérations

1739 6624 4632 204 Le Conseil délibérant à huis clos, le Président a posé les questions, conformément à l'article 132 du Code de justice

1685 6781 4655 211 militaire, ainsi qu'il suit: 1^re Question: Le soldat Desqueker Henri Louis

1630 6898 4686 243 Joseph, R.A.T de la classe 1889 du 8^e Régiment Territorial

1606 7055 4616 251 d'Infanterie, détaché au Bataillon de Génie des Etapes, est-il

1598 7212 4765 274 coupable de désertion à l'intérieur pour s'être absenté, sans

1614 7400 4726 242 autorisation, de son détachement à Isbergues (Pas-de-Calais)

1630 7556 4694 274 du 28 Décembre 1914, date de l'absence constatée, jusqu'au

1638 7729 4522 266 3 Janvier 1915, date de son arrestation par la Gendarmerie à

1771 7971 932 110 (1) Et à décharge (s'il y en a).

1739 7979 4593 180 (2) Indiquer si des témoins ont été entendus sans prestation de serment, et pour quel motif ; dire que les pièces de conviction, s'il y en a, ont été représentées.

1677 8097 4655 156 Indiquer, en outre, ses incidents qui ont pu ce produire, en ayant soin de préciser à quel moment du débat ils ont en lieu, ses conclusions des parties, les

1677 8191 4632 148 réquisitions du ministère public, les moyens de défense présentés par l'accusé, et enfin le jugement motivé du Conseil. Dans le cas où le blanc laisse ici ne suf-

1661 8285 4679 156 firait pas pour insérer toutes ces mentions, on devra indiquer l'incident et le moment du débat il s'est produit, en ajoutant qu'il y a été statué par jugement

1661 8386 4679 149 séparé, lequel est joint et annexé au présent, et alors le jugement séparé doit indiquer la publicité de l'audience, se terminer par la même formule et être signé

1669 8472 4647 181 de la même manière que le jugement principal, en mentionnant qu'il y sera annexé comme en taisant partie. En cas de suspension d'audience et de remise au

1645 8574 3041 165 lendemain, la mention qui constate cette remise est signée par le Président et le Greffier seulement.

1755 8676 4076 165 (3) Indiquer si les réquisitions tendent à la déclaration de culpabilité et, dans ce cas, les articles de loi dont l'application est demandée.

1747 8778 3496 180 (4) S'il y a une chambre des délibérations, on mettra que le Tribunal s'est retiré dans la chambre des délibérations.

2037 8966 2320 156 Conseil de guerre. - N^o 967 de la Nomenclature générale. - Formule n^o 16.
