6458 9397
1732 352 4616 227 La séance ayant été ouverte, le Président a fait apporter et déposer devant lui, sur le bureau, un exemplaire du Code de justice

1622 524 4710 165 militaire, du Code d'instruction criminelle et du code pénal ordinaire, et ordonné à la garde d'amener les accusés, qui ont

1622 642 4483 172 été introduits, libre, et sans fers, devant le Conseil, accompagné, de leur défenseur M le Lieutenant

1590 783 4452 258 Richard du 107 Régiment Territorial d'Infanterie, désigné d'office

1692 1252 4609 314 Interrogés de leurs nom, prénoms, âge, lieu de naissance, état profession et domicile les accusés

1653 1503 4483 180 ont répondu se nommer Lagache Oscar Daniel Raoul, âgé de

1583 1613 4632 235 trente-neuf ans, né à Cherienne (Pas-de-Calais), marié, trois

1543 1730 4711 235 enfants, profession de cultivateur, domicilié à Cherienne (Pas-de

1551 1887 400 242 Calais

2656 1996 3472 259 Josse Jean âgé de quarante- huit ans, né

1559 2137 4530 259 à Cherienne (Pas-de-Calai) Célibataire, profession de

1543 2310 3559 219 cultivateur, domicilié à Cherienne (Pas-de-Calais

1685 2811 4616 235 Le Président, après avoir fait lire par le greffier de convocation, le rapport prescrit par l'article 108 du Code de justice

1598 2991 4671 172 militaire, et les pièces dont la lecture lui a paru nécessaire, a fait connaître aux accusé, les faits à raison desquels ils sont

1590 3108 4013 173 poursuivis, et leur a donné, ainsi qu'au défenseur, l'avertissement indiqué en l'article 121 dudit Code;

1692 3194 4585 204 Après quoi, il a procédé à l'interrogatoire des accusés et a fait entendre publiquement et séparément les témoins à charge (1)

1567 3359 972 274 vérité et rien que la vérité;

2429 3335 3848 204 ; lesdits témoins ayant au préalable prêté serment de parler sans haine et sans crainte, juré de dire toute la

1661 3821 4608 290 Et le Président ayant, en outre, rempli à leur égard les formalités prescrites par les articles 317 et 319 du Code d'instruetiss.

1590 3946 385 188 criminelle;

1677 4056 94 274 (2)

1661 4878 4640 227 Ouï M. le Commissaire du Gouvernement en ses réquisitions tendant à ce que (3) les susnommés soient déclarés

1489 5043 4592 203 coupables d'avoir refusé d'obéir à un ordre de réquisition militaire et

1496 5184 4703 203 d'outrages par paroles envers un citoyen chargé d'un ministère de service

1481 5270 4694 211 public à l'occasion de l'exercice de ses fonctions et qu'il leur soit

1489 5387 4686 227 fait application des articles 21 de la loi du 3 Juillet 1877 sur les

1512 5520 4734 196 réquisitions militaires, 224, du Code pénal, 7 et 8 de la loi des 9 Août

1551 5638 1811 188 1849 sur l'état de siège

1559 5779 4710 172 et les accusés dans leurs moyens de défense, tant par eux que par leur défenseur, lesquels ont

1559 5888 4703 196 déclaré n'avoir rien à ajouter à leurs moyens de défense, et ont eu la parole les derniers, le Président a déclaré les débats terminés,

1551 6014 2336 242 et il a ordonne au défenseur et aux accusés de se retirer.

1669 6366 4577 219 Les accusé ont été reconduits par l'escorte à la prison; le Commissaire du Gouvernement, le Greffier et les assistants dans

1575 6491 4835 188 l'auditoire se sont retirés sur l'invitation du Président (4); Le Tribunal s'est retiré dans la chambre des délibérations

1669 6617 4593 203 Le Conseil délibérant à huis clos, le Président a posé les questions, conformément à l'article 132 du Code de justice

1575 6742 4835 172 militaire, ainsi qu'il suit: 1^e question: le sieur Lagache (oscar Daniel Raoul) cultivateur

1481 6836 4929 203 domicilié à Cheriennes (Pas-de-Calais) est-il coupable d'avoir, le 2 février 19

1489 6945 4921 188 à Cheriennes, refusé d'obéir à une réquisition militaire à lui ordonnée par

1449 7071 4907 180 Monsieur Séré maire de la localité qui lui prescrivait de fournir 150 bottes

1465 7204 4005 219 paille pour le service de l'Intendance Militaire de la X^e Armée?

2500 7267 3903 266 2^e question: Le même est-il coupable d'avoir, le 7 février 1915

1457 7400 4977 211 Cheriennes, à son domicile, où l'autorité s'était transportée pour vérifier ses

1457 7548 4961 212 allégations, outragé par parole, Monsieur Séré, maire de ladite, commune, charge

1457 7650 4953 227 d'un ministère de service public (réquisitions militaires) à l'occasion de l'exercice de

1481 7783 3871 180 fonctions en le traitant de "vieux fou" et d'"imbécile"?

1653 7901 933 125 (1) Et à décharge (s'il y en a).

1653 7979 4585 172 (2) Indiquer si des témoins ont été entendus sans prestation de serment, et pour quel motif ; dire que les pièces de conviction, s'il y en a, ont été représentées.

1575 8042 4671 203 Indiquer, en outre, ses incidents qui ont pu ce produire, en ayant soin de préciser à quel moment du débat ils ont en lieu, ses conclusions des parties, les

1567 8167 4663 172 réquisitions du ministère public, les moyens de défense présentés par l'accusé, et enfin le jugement motivé du Conseil. Dans le cas où le blanc laisse ici ne suf-

1575 8269 4655 164 firait pas pour insérer toutes ces mentions, on devra indiquer l'incident et le moment du débat il s'est produit, en ajoutant qu'il y a été statué par jugement

1551 8339 4679 188 séparé, lequel est joint et annexé au présent, et alors le jugement séparé doit indiquer la publicité de l'audience, se terminer par la même formule et être signé

1559 8457 4671 203 de la même manière que le jugement principal, en mentionnant qu'il y sera annexé comme en taisant partie. En cas de suspension d'audience et de remise au

1567 8551 2978 180 lendemain, la mention qui constate cette remise est signée par le Président et le Greffier seulement.

1638 8645 4067 188 (3) Indiquer si les réquisitions tendent à la déclaration de culpabilité et, dans ce cas, les articles de loi dont l'application est demandée.

1645 8739 3480 188 (4) S'il y a une chambre des délibérations, on mettra que le Tribunal s'est retiré dans la chambre des délibérations.

1943 8880 2304 195 Conseil de guerre. - N^o 967 de la Nomenclature générale. - Formule n^o 16.
