<?xml version='1.0' encoding='UTF-8'?>
<alto xmlns:xsi="http://www.w3.org/2001/XMLSchema-instance" xmlns="http://www.loc.gov/standards/alto/ns-v4#" xsi:schemaLocation="http://www.loc.gov/standards/alto/ns-v4# http://www.loc.gov/standards/alto/v4/alto-4-2.xsd">
  <Description>
    <MeasurementUnit>pixel</MeasurementUnit>
    <sourceImageInformation>
      <fileName>11_J_184_0157.jpg</fileName>
      
    </sourceImageInformation>
  </Description>
  
  <Tags>
    <OtherTag ID="BT16575" LABEL="MarginTextZone" DESCRIPTION="block type MarginTextZone"/><OtherTag ID="BT16576" LABEL="DamageZone" DESCRIPTION="block type DamageZone"/><OtherTag ID="BT16577" LABEL="DigitizationArtefactZone" DESCRIPTION="block type DigitizationArtefactZone"/><OtherTag ID="BT16578" LABEL="DropCapitalZone" DESCRIPTION="block type DropCapitalZone"/><OtherTag ID="BT16579" LABEL="GraphicZone" DESCRIPTION="block type GraphicZone"/><OtherTag ID="BT16580" LABEL="MusicZone" DESCRIPTION="block type MusicZone"/><OtherTag ID="BT16581" LABEL="NumberingZone" DESCRIPTION="block type NumberingZone"/><OtherTag ID="BT16582" LABEL="QuireMarksZone" DESCRIPTION="block type QuireMarksZone"/><OtherTag ID="BT16583" LABEL="RunningTitleZone" DESCRIPTION="block type RunningTitleZone"/><OtherTag ID="BT16584" LABEL="SealZone" DESCRIPTION="block type SealZone"/><OtherTag ID="BT16585" LABEL="StampZone" DESCRIPTION="block type StampZone"/><OtherTag ID="BT16586" LABEL="TableZone" DESCRIPTION="block type TableZone"/><OtherTag ID="BT16587" LABEL="TitlePageZone" DESCRIPTION="block type TitlePageZone"/><OtherTag ID="BT19261" LABEL="MainZone" DESCRIPTION="block type MainZone"/><OtherTag ID="BT21623" LABEL="MainZone-judgementNumber" DESCRIPTION="block type MainZone-judgementNumber"/><OtherTag ID="BT21624" LABEL="MainZone-judgementPlace" DESCRIPTION="block type MainZone-judgementPlace"/><OtherTag ID="BT21625" LABEL="MainZone-orderNumber" DESCRIPTION="block type MainZone-orderNumber"/><OtherTag ID="BT21626" LABEL="MainZone-crimeDate" DESCRIPTION="block type MainZone-crimeDate"/><OtherTag ID="BT21627" LABEL="MarginTextZone-note" DESCRIPTION="block type MarginTextZone-note"/><OtherTag ID="BT21628" LABEL="QuireMarksZone-signature" DESCRIPTION="block type QuireMarksZone-signature"/><OtherTag ID="BT21629" LABEL="CustomZone-signature" DESCRIPTION="block type CustomZone-signature"/><OtherTag ID="BT21630" LABEL="MarginTextZone-addition" DESCRIPTION="block type MarginTextZone-addition"/>
    <OtherTag ID="LT6926" LABEL="DefaultLine" DESCRIPTION="line type DefaultLine"/><OtherTag ID="LT6927" LABEL="HeadingLine" DESCRIPTION="line type HeadingLine"/><OtherTag ID="LT6928" LABEL="InterlinearLine" DESCRIPTION="line type InterlinearLine"/><OtherTag ID="LT8439" LABEL="CustomLine:scratched" DESCRIPTION="line type CustomLine:scratched"/><OtherTag ID="LT8440" LABEL="CustomLine:signature" DESCRIPTION="line type CustomLine:signature"/><OtherTag ID="LT8441" LABEL="CustomLine:margin" DESCRIPTION="line type CustomLine:margin"/><OtherTag ID="LT8442" LABEL="default" DESCRIPTION="line type default"/>
  </Tags>
  
  <Layout>
    <Page WIDTH="5767" HEIGHT="9240" PHYSICAL_IMG_NR="137" ID="eSc_dummypage_">
      <PrintSpace HPOS="0" VPOS="0" WIDTH="5767" HEIGHT="9240">
        
        <TextBlock HPOS="0.0" VPOS="179.0" WIDTH="5548.0" HEIGHT="8213.0" ID="textblock_00001" TAGREFS="BT19261">
          <Shape><Polygon POINTS="0 179 5548 179 5548 8392 0 8392 0 179"/></Shape>
          
          
          <TextLine ID="textline_00001" TAGREFS="LT6926" BASELINE="257 331 5171 448" HPOS="246" VPOS="184" WIDTH="4919" HEIGHT="347">
            <Shape><Polygon POINTS="485 184 408 184 331 184 254 184 254 323 246 385 1164 385 1218 423 1233 438 1241 438 1249 438 1549 446 1557 446 1703 438 2089 408 2343 454 2390 462 2397 462 2474 462 2883 431 2960 469 2960 477 2968 477 2976 477 2983 477 3014 477 3168 438 3222 477 3222 485 3230 485 3238 485 3245 485 3284 485 3492 454 3585 492 3615 500 3623 500 3631 500 3700 492 3908 469 5150 531 5165 446 5157 300 555 184 485 184"/></Shape>
	    <String CONTENT="au 10 Janvier 1915 jour de son arrestation par la Gendarmerie" HPOS="246" VPOS="184" WIDTH="4919" HEIGHT="347"/>
          </TextLine>

          
          
          <TextLine ID="textline_00002" TAGREFS="LT6926" BASELINE="228 506 3471 556" HPOS="215" VPOS="331" WIDTH="3254" HEIGHT="292">
            <Shape><Polygon POINTS="686 331 609 331 601 331 223 361 223 500 215 577 3454 623 3469 554 3461 408 3014 415 2922 400 2783 369 2775 369 2636 392 2559 408 2474 392 2320 361 2312 361 2166 392 2104 400 2089 385 2050 354 2050 346 2043 346 2035 346 2027 346 2019 346 1912 385 1896 392 1896 385 1858 354 1858 346 1850 346 1842 346 1834 346 1827 346 1742 385 1719 392 1295 392 1279 377 1241 338 1233 338 1225 338 1218 338 940 369 724 331 686 331"/></Shape>
	    <String CONTENT="à Sailly-Labourse (Pas-de-Calais)?" HPOS="215" VPOS="331" WIDTH="3254" HEIGHT="292"/>
          </TextLine>

          
          
          <TextLine ID="textline_00003" TAGREFS="LT6926" BASELINE="1384 682 4859 777" HPOS="1372" VPOS="539" WIDTH="3485" HEIGHT="323">
            <Shape><Polygon POINTS="1380 677 1372 793 4841 862 4857 770 4849 592 4564 631 4078 577 3986 569 3978 569 3824 569 3322 592 3191 562 3122 546 3114 546 3107 546 3099 546 3053 562 2976 585 2814 554 2698 539 1380 539 1380 677"/></Shape>
	    <String CONTENT="2^e Question: Ladite désertion a-t-elle" HPOS="1372" VPOS="539" WIDTH="3485" HEIGHT="323"/>
          </TextLine>

          
          
          <TextLine ID="textline_00004" TAGREFS="LT6926" BASELINE="194 891 2800 919" HPOS="185" VPOS="723" WIDTH="2613" HEIGHT="301">
            <Shape><Polygon POINTS="192 885 185 962 300 947 385 977 454 1001 462 1001 470 1001 478 1001 524 977 593 947 832 947 1056 993 1156 1008 1164 1008 1171 1008 1202 993 1287 954 1326 993 1333 1001 1333 1008 1341 1008 1349 1008 1356 1008 1364 1008 1403 1001 1495 970 1981 1008 2174 1024 2181 1024 2243 1016 2490 970 2783 1024 2798 916 2790 754 2559 793 2451 754 2436 746 2428 746 2420 746 2359 754 2081 793 1919 793 1881 754 1873 746 1873 739 1865 739 1858 739 1850 739 1842 739 1811 754 1727 785 1410 785 1372 754 1356 731 1349 731 1341 731 1333 731 1210 754 1056 777 701 777 678 754 655 731 655 723 647 723 639 723 478 723 470 723 462 723 454 723 454 731 431 754 408 770 192 754 192 885"/></Shape>
	    <String CONTENT="eu lieu en temps de guerre?" HPOS="185" VPOS="723" WIDTH="2613" HEIGHT="301"/>
          </TextLine>

          
          
          <TextLine ID="textline_00005" TAGREFS="LT6926" BASELINE="358 2180 1474 2192 3008 2233 4868 2271" HPOS="346" VPOS="2002" WIDTH="4518" HEIGHT="315">
            <Shape><Polygon POINTS="354 2179 346 2217 4849 2317 4864 2263 4849 2109 4487 2125 4348 2094 4163 2055 4155 2055 4147 2055 4070 2086 4016 2117 3770 2117 3723 2086 3700 2063 3693 2063 3685 2063 3677 2063 3546 2079 3369 2102 3292 2071 3168 2025 3161 2025 2883 2017 2875 2017 2536 2048 2459 2009 2451 2009 1919 2002 1912 2002 1904 2002 1804 2040 1750 2071 1310 2071 354 2017 354 2179"/></Shape>
	    <String CONTENT="Les voix recueillies séparément, conformément à l'article 131 du Code de justice militaire, en commençant par le grade intérieur" HPOS="346" VPOS="2002" WIDTH="4518" HEIGHT="315"/>
          </TextLine>

          
          
          <TextLine ID="textline_00006" TAGREFS="LT6926" BASELINE="265 2295 3263 2343" HPOS="254" VPOS="2163" WIDTH="3007" HEIGHT="224">
            <Shape><Polygon POINTS="570 2179 493 2179 416 2179 408 2163 262 2163 262 2294 254 2348 3245 2387 3261 2340 3261 2225 639 2171 570 2179"/></Shape>
	    <String CONTENT="le Président ayant émis son opinion le dernier, le Conseil de guerre permanent déclare" HPOS="254" VPOS="2163" WIDTH="3007" HEIGHT="224" WC="0.9648750452108161"/>
          </TextLine>

          
          
          <TextLine ID="textline_00007" TAGREFS="LT6926" BASELINE="221 2934 2901 2988 5301 3084" HPOS="208" VPOS="2656" WIDTH="5088" HEIGHT="516">
            <Shape><Polygon POINTS="215 2933 208 3041 1742 3041 1804 3080 1811 3080 1819 3080 1827 3087 1896 3087 3384 3087 5281 3172 5296 3080 5288 2879 4834 2895 4757 2849 4664 2787 4656 2787 4649 2787 4641 2787 4633 2787 4625 2787 4579 2818 4494 2772 4487 2772 4479 2772 4471 2772 4340 2833 4325 2841 4317 2833 4232 2772 4225 2772 4217 2772 3970 2756 3962 2756 3955 2756 3947 2756 3854 2810 3770 2864 3238 2787 3122 2772 3114 2772 3107 2772 3099 2772 3091 2779 3029 2825 2844 2772 2829 2764 2821 2764 2814 2764 2790 2764 2528 2818 2366 2748 2312 2725 2305 2725 1796 2695 1788 2695 1780 2695 1719 2718 1518 2802 1256 2802 724 2764 585 2671 585 2664 578 2664 570 2664 215 2656 215 2933"/></Shape>
	    <String CONTENT="Sur la 1-re Question: A l'unanimité l'accusé n'est pas coupable" HPOS="208" VPOS="2656" WIDTH="5088" HEIGHT="516"/>
          </TextLine>

          
          
          <TextLine ID="textline_00008" TAGREFS="LT6926" BASELINE="211 3155 3486 3227" HPOS="200" VPOS="3010" WIDTH="3284" HEIGHT="331">
            <Shape><Polygon POINTS="208 3149 200 3249 863 3311 871 3311 1210 3272 1225 3272 1233 3272 1287 3318 1295 3318 1302 3318 1310 3318 1318 3318 1464 3280 1495 3272 1973 3280 1981 3287 2166 3341 2174 3341 2181 3341 2189 3341 2382 3295 2390 3295 2428 3295 3076 3341 3083 3341 3477 3311 3484 3226 3484 3095 2999 3087 2983 3080 2760 3018 2752 3018 2744 3018 2737 3018 2575 3056 2505 3010 2498 3010 2490 3010 208 3010 208 3149"/></Shape>
	    <String CONTENT="Sur la 2^e Question: A l'unanimité non" HPOS="200" VPOS="3010" WIDTH="3284" HEIGHT="331"/>
          </TextLine>

          
          
          <TextLine ID="textline_00009" TAGREFS="LT6926" BASELINE="324 4095 4876 4165" HPOS="316" VPOS="3942" WIDTH="4556" HEIGHT="262">
            <Shape><Polygon POINTS="323 4088 316 4134 4857 4204 4872 4158 4864 4034 323 3942 323 4088"/></Shape>
	    <String CONTENT="Sur quoi, et attendu les conclusions prises par le Commissaire du Gouvernement dans ses réquisitions, le Président a lu le texte" HPOS="316" VPOS="3942" WIDTH="4556" HEIGHT="262" WC="0.9638174483552575"/>
          </TextLine>

          
          
          <TextLine ID="textline_00010" TAGREFS="LT6926" BASELINE="239 4191 4849 4279" HPOS="223" VPOS="4081" WIDTH="4618" HEIGHT="284">
            <Shape><Polygon POINTS="1079 4096 1002 4096 925 4096 848 4096 770 4096 693 4096 616 4096 539 4096 462 4096 385 4096 377 4081 231 4081 231 4188 223 4242 794 4281 801 4281 809 4281 817 4281 855 4258 863 4242 878 4258 917 4288 925 4288 932 4288 940 4288 1611 4265 1865 4258 1919 4265 2104 4319 2112 4319 2120 4319 2127 4319 2305 4273 2320 4273 2343 4273 2744 4335 2752 4335 3955 4304 4417 4365 4425 4365 4834 4304 4841 4273 4834 4158 1148 4096 1079 4096"/></Shape>
	    <String CONTENT="de la loi, recueilli de nouveau les voix dans la forme prescrite par les articles 131 et 134 du Code de militaire pour l'appli-" HPOS="223" VPOS="4081" WIDTH="4618" HEIGHT="284"/>
          </TextLine>

          
          
          <TextLine ID="textline_00011" TAGREFS="LT6926" BASELINE="238 4306 870 4320" HPOS="223" VPOS="4196" WIDTH="640" HEIGHT="162">
            <Shape><Polygon POINTS="231 4304 223 4350 848 4358 863 4319 848 4196 231 4196 231 4304"/></Shape>
	    <String CONTENT="cation de la peine." HPOS="223" VPOS="4196" WIDTH="640" HEIGHT="162" WC="0.9681020567291662"/>
          </TextLine>

          
          
          <TextLine ID="textline_00012" TAGREFS="LT6926" BASELINE="309 4422 4118 4485" HPOS="300" VPOS="4281" WIDTH="3817" HEIGHT="262">
            <Shape><Polygon POINTS="385 4304 308 4304 308 4419 300 4458 4101 4543 4117 4481 4101 4327 3662 4365 3492 4327 3484 4327 3477 4327 3168 4358 3091 4312 3083 4312 3076 4312 3068 4312 3037 4312 2883 4350 2644 4312 2582 4304 2575 4304 2498 4312 2212 4342 1634 4335 1588 4304 1565 4288 1557 4288 1549 4288 1541 4288 1534 4288 1526 4288 1511 4304 1472 4327 1279 4304 1133 4281 1125 4281 1009 4296 871 4319 416 4296 385 4304"/></Shape>
	    <String CONTENT="Le Conseil est rentré en séance publique, le Président a lu les motifs que précèdent et le dispositif ci-dessous." HPOS="300" VPOS="4281" WIDTH="3817" HEIGHT="262"/>
          </TextLine>

          
          
          <TextLine ID="textline_00013" TAGREFS="LT6926" BASELINE="330 4538 5146 4630" HPOS="316" VPOS="4427" WIDTH="4826" HEIGHT="239">
            <Shape><Polygon POINTS="3561 4473 3484 4473 3407 4473 3330 4473 3253 4473 3176 4473 3099 4466 3022 4466 2945 4466 2420 4473 2382 4458 2328 4458 2251 4458 2174 4450 2097 4450 2019 4450 1942 4450 1865 4450 1788 4450 1742 4442 1541 4458 1017 4435 1017 4435 940 4435 863 4435 786 4435 709 4427 632 4427 555 4427 478 4427 400 4427 323 4427 323 4535 316 4604 5127 4666 5142 4627 5142 4450 4278 4435 4271 4435 4263 4435 4255 4435 4171 4512 4032 4512 3631 4473 3561 4473"/></Shape>
	    <String CONTENT="En conséquence, de Conseil (1) acquitte le soldat Salome" HPOS="316" VPOS="4427" WIDTH="4826" HEIGHT="239"/>
          </TextLine>

          
          
          <TextLine ID="textline_00014" TAGREFS="LT6926" BASELINE="188 4693 5077 4785" HPOS="177" VPOS="4550" WIDTH="4896" HEIGHT="324">
            <Shape><Polygon POINTS="185 4689 177 4750 1727 4766 1742 4781 1796 4820 1804 4820 1811 4820 1819 4820 2127 4789 2212 4781 2305 4789 2629 4835 2636 4835 3500 4812 3608 4812 3615 4812 3662 4851 3669 4851 3677 4851 4664 4874 4672 4874 5065 4835 5073 4781 5073 4650 185 4550 185 4689"/></Shape>
	    <String CONTENT="Henri Fidèle Joseph susqualifié, de l'accusation dirigée" HPOS="177" VPOS="4550" WIDTH="4896" HEIGHT="324"/>
          </TextLine>

          
          
          <TextLine ID="textline_00015" TAGREFS="LT6926" BASELINE="131 4861 4921 4957" HPOS="115" VPOS="4720" WIDTH="4803" HEIGHT="315">
            <Shape><Polygon POINTS="123 4858 115 4951 1966 4951 2436 4989 2528 4997 2536 4997 2567 4997 2737 4966 2922 5005 2960 5005 2968 5005 3014 5005 3322 4974 4903 5035 4918 4951 4918 4827 123 4720 123 4858"/></Shape>
	    <String CONTENT="contre lui et le Président ordonne qu'il soit mis en" HPOS="115" VPOS="4720" WIDTH="4803" HEIGHT="315"/>
          </TextLine>

          
          
          <TextLine ID="textline_00016" TAGREFS="LT6926" BASELINE="124 5070 4852 5139" HPOS="115" VPOS="4904" WIDTH="4734" HEIGHT="293">
            <Shape><Polygon POINTS="123 5066 115 5112 763 5166 4834 5197 4849 5135 4834 4981 4209 5005 4171 4966 4147 4951 4147 4943 4140 4943 4132 4943 4124 4943 4117 4943 4109 4943 4078 4966 4009 5012 3800 5012 3045 4997 2991 4951 2960 4928 2952 4928 2945 4928 2937 4928 2474 4943 1858 4974 1819 4935 1811 4935 1811 4928 1804 4928 1796 4928 1788 4928 1780 4928 1750 4935 1673 4966 1565 4935 1464 4904 1457 4904 1449 4904 123 4912 123 5066"/></Shape>
	    <String CONTENT="liberté s'il n'est retenu pour autre cause conformément" HPOS="115" VPOS="4904" WIDTH="4734" HEIGHT="293"/>
          </TextLine>

          
          
          <TextLine ID="textline_00017" TAGREFS="LT6926" BASELINE="104 5260 5003 5357" HPOS="92" VPOS="5097" WIDTH="4904" HEIGHT="339">
            <Shape><Polygon POINTS="100 5259 92 5343 323 5320 570 5359 616 5366 624 5366 632 5366 647 5366 770 5328 909 5366 940 5374 948 5374 956 5374 994 5366 1195 5328 1403 5366 1410 5366 2135 5351 2205 5390 2228 5397 2235 5397 2243 5397 2382 5390 2852 5359 2922 5397 2937 5413 2945 5413 2952 5413 2960 5413 3053 5405 3284 5366 3484 5405 3523 5413 3531 5413 3569 5413 3770 5374 4070 5374 4147 5420 4178 5436 4186 5436 4194 5436 4309 5420 4533 5390 4610 5428 4633 5436 4641 5436 4649 5436 4988 5428 4996 5351 4996 5236 4325 5228 4309 5220 4124 5174 4117 5174 4109 5174 3770 5212 3731 5212 3685 5212 3315 5151 3307 5151 2929 5189 2760 5143 2752 5143 2744 5143 2737 5143 2582 5189 2575 5189 2536 5189 1834 5128 1827 5128 1649 5166 1603 5128 1603 5120 1595 5120 1588 5120 1580 5120 1364 5166 1287 5112 1279 5112 1272 5112 1264 5112 902 5143 670 5105 663 5105 655 5105 562 5151 478 5097 470 5097 462 5097 454 5097 100 5143 100 5259"/></Shape>
	    <String CONTENT="à l'article 136 du Code de Justice Militaire ainsi conçu:" HPOS="92" VPOS="5097" WIDTH="4904" HEIGHT="339" WC="0.9612135095842953"/>
          </TextLine>

          
          
          <TextLine ID="textline_00018" TAGREFS="LT6926" BASELINE="154 5458 4873 5552" HPOS="138" VPOS="5289" WIDTH="4734" HEIGHT="370">
            <Shape><Polygon POINTS="146 5451 138 5544 2790 5628 2798 5628 2806 5628 2814 5628 2814 5621 2852 5590 2860 5582 3045 5582 3199 5590 3854 5651 3862 5659 4070 5659 4070 5651 4078 5651 4086 5651 4086 5644 4132 5605 4857 5613 4872 5551 4864 5428 4140 5359 4132 5359 4124 5359 4117 5359 4063 5397 3716 5359 3708 5359 3523 5382 3423 5397 3330 5382 3191 5351 3184 5351 3176 5351 3107 5374 3060 5390 2999 5366 2922 5343 2914 5343 2906 5343 2798 5366 2690 5382 2328 5382 2266 5351 2205 5320 2197 5320 1125 5297 1117 5297 1033 5313 894 5343 848 5305 832 5297 832 5289 824 5289 817 5289 146 5289 146 5451"/></Shape>
	    <String CONTENT="Article 136 du Code le Justice Militaire: « Si l'accusé, n'est pas reconnu" HPOS="138" VPOS="5289" WIDTH="4734" HEIGHT="370"/>
          </TextLine>

          
          
          <TextLine ID="textline_00019" TAGREFS="LT6926" BASELINE="44 5670 5056 5762" HPOS="30" VPOS="5505" WIDTH="5019" HEIGHT="331">
            <Shape><Polygon POINTS="38 5667 30 5744 724 5721 1110 5767 1164 5775 1171 5775 1249 5775 1680 5744 2112 5744 2143 5782 2143 5790 2151 5790 2151 5798 2158 5798 2166 5798 2174 5798 2366 5790 2806 5759 2976 5798 3060 5813 3068 5813 3184 5798 3376 5775 4016 5775 4124 5813 4209 5836 4217 5836 4225 5836 4232 5836 4317 5813 4379 5798 4456 5813 4525 5836 4533 5836 4541 5836 5042 5821 5049 5759 5042 5597 1302 5574 1264 5559 1117 5520 1110 5520 1102 5520 925 5559 902 5559 848 5513 840 5513 832 5513 400 5505 393 5505 38 5544 38 5667"/></Shape>
	    <String CONTENT="« coupable le Conseil prononce son acquittement et le Président ordonne qu'il" HPOS="30" VPOS="5505" WIDTH="5019" HEIGHT="331"/>
          </TextLine>

          
          
          <TextLine ID="textline_00020" TAGREFS="LT6926" BASELINE="23 5859 4110 5940" HPOS="7" VPOS="5690" WIDTH="4102" HEIGHT="385">
            <Shape><Polygon POINTS="15 5852 7 5952 1040 5959 1056 5975 1110 6013 1117 6013 1125 6013 1503 6029 1511 6029 2235 6006 2621 6052 2629 6052 2636 6052 2814 6006 2829 6006 2844 6006 2991 6059 2999 6059 3006 6059 3245 6013 3284 6013 3330 6021 3731 6075 3739 6075 4101 6029 4109 5936 4101 5759 3731 5805 3461 5767 3454 5767 3315 5798 3276 5767 3276 5759 3268 5759 3261 5759 3253 5759 2228 5775 2189 5744 2166 5721 2166 5713 2158 5713 2151 5713 1819 5705 1318 5698 1310 5698 1302 5698 1295 5698 1295 5705 1256 5736 1241 5751 1195 5736 1087 5690 1079 5690 863 5690 855 5690 848 5690 770 5728 747 5744 609 5728 331 5698 323 5698 15 5721 15 5852"/></Shape>
	    <String CONTENT="« soit mis en liberté s'il n'est retenu pour autre cause" HPOS="7" VPOS="5690" WIDTH="4102" HEIGHT="385"/>
          </TextLine>

          
        </TextBlock>
        
        <TextBlock HPOS="58.0" VPOS="8575.0" WIDTH="4630.0" HEIGHT="217.0" ID="textblock_00002" TAGREFS="BT21627">
          <Shape><Polygon POINTS="58 8575 4688 8575 4688 8792 58 8792 58 8575"/></Shape>
          
          
          <TextLine ID="textline_00021" TAGREFS="LT6926" BASELINE="265 8610 815 8646 4799 8668" HPOS="254" VPOS="8523" WIDTH="4541" HEIGHT="224">
            <Shape><Polygon POINTS="4649 8577 4571 8577 4494 8577 4417 8577 4340 8577 4263 8577 4186 8577 4109 8577 4032 8577 3955 8577 3878 8577 3800 8577 3723 8577 3646 8577 3569 8577 3492 8577 3415 8577 3338 8577 3261 8577 3184 8577 3107 8577 3029 8577 2952 8577 2875 8577 2798 8577 2721 8577 2644 8577 2567 8577 2490 8577 2413 8577 2336 8577 2258 8577 2181 8577 2104 8577 2027 8577 1950 8577 1873 8577 1796 8577 1719 8577 1642 8577 1565 8577 1488 8577 1410 8577 1333 8577 1256 8577 1179 8577 1102 8577 1025 8577 948 8577 871 8577 794 8577 717 8577 639 8577 562 8577 485 8577 416 8577 339 8577 262 8577 262 8608 254 8685 331 8685 408 8685 485 8685 555 8685 570 8693 639 8693 717 8693 794 8693 855 8693 894 8701 948 8701 1025 8701 1056 8701 1225 8708 1256 8708 1333 8708 1364 8708 1549 8716 1565 8716 1565 8716 2536 8739 2544 8739 3446 8708 3461 8708 3469 8708 3646 8747 3654 8747 4787 8708 4795 8662 4780 8523 4649 8523 4649 8577"/></Shape>
	    <String CONTENT="(1) Avoir soin de spécifier, s'il y a lieu, après t'indication de la peine infligée, la décision motivée du Conseil relative à ma non-imputation pour tout ou" HPOS="254" VPOS="8523" WIDTH="4541" HEIGHT="224"/>
          </TextLine>

          
          
          <TextLine ID="textline_00022" TAGREFS="LT6926" BASELINE="191 8699 839 8716 2194 8753" HPOS="177" VPOS="8593" WIDTH="2012" HEIGHT="262">
            <Shape><Polygon POINTS="1418 8631 1341 8631 1264 8631 1187 8624 1179 8624 1110 8624 1033 8624 956 8624 878 8624 801 8624 724 8616 647 8616 570 8616 493 8616 416 8616 339 8616 262 8616 215 8593 185 8593 185 8693 177 8762 508 8824 516 8824 909 8801 1048 8793 1094 8808 1179 8839 1187 8839 1195 8839 1364 8824 1488 8808 1549 8831 1619 8855 1626 8855 1634 8855 1642 8855 1696 8839 1750 8816 2174 8855 2189 8747 2181 8654 1426 8631 1418 8631"/></Shape>
	    <String CONTENT="partie de la détention préventive sur la durée de la peine prononcée." HPOS="177" VPOS="8593" WIDTH="2012" HEIGHT="262"/>
          </TextLine>

          
        </TextBlock>
        

        
      </PrintSpace>
    </Page>
  </Layout>
</alto>