6398 9397
1769.0 313.0 4621.0 258.0 La séance ayant été ouverte, le Président a fait apporter et déposer devant lui, sur le bureau, un exemplaire du Code du justice

1619.0 475.0 4727.0 221.0 militaire, du Code d'instruction criminelle et du code pénal ordinaire, et ordonné à la garde d'amener l'accusé, qui a

1668.0 579.0 4698.0 290.0 été introduit, libre et sans fers, devant le Conseil, accompagné de son défenseur le sergent Sassé de la

1644.0 728.0 3054.0 274.0 9^o section de C. O. A. désigné d'office

1738.0 1237.0 4519.0 321.0 Interrogé de ses nom, prénoms, âge, lieu de naissance, état profession et domicile l'accusé

1730.0 1440.0 4198.0 274.0 a répondu se nommer Fontaine Joseph Adolphe, âgé de

1597.0 1581.0 4487.0 321.0 quarante-neuf ans, né à S^te - Austreberthe (Pas-de-Calais)

1597.0 1761.0 4417.0 314.0 Marié, trois enfants, profession de Cultivateur, domicilié à

1542.0 1910.0 3391.0 321.0 Sainte-Austreberthe (Pas-de-Calais)

1691.0 2740.0 4589.0 314.0 Le Président, après avoir fait lire par le greffier de convocation, le rapport prescrit par l'article 108 du Code de justice

1597.0 2905.0 4495.0 258.0 militaire, et les pièces dont la lecture lui a paru nécessaire, a fait connaître a l'accusé les faits à raison desquels il est

1581.0 3030.0 4018.0 227.0 poursuivi, et lui a donné, ainsi qu'au défenseur, l'avertissement indiqué en l'article 121 dudit Code ;

1691.0 3155.0 4597.0 220.0 Après quoi, il a procédé à l'interrogatoire de l'accusé et a fait entendre publiquement et séparément les témoins à charge (1)

2435.0 3273.0 3845.0 258.0 ; lesdits témoins ayant au préalable prêté serment de parler sans haine et sans crainte, jure de dire toute la

1581.0 3304.0 932.0 251.0 vérité et rien que la vérité;

1668.0 3719.0 4589.0 353.0 Et le Président ayant, en outre, rempli à leur égard les formalités proscrites par las articles 317 et 319 du Code d'instruction

1566.0 3884.0 391.0 180.0 criminelle;

1628.0 3993.0 118.0 266.0 (2)

1636.0 4815.0 4527.0 298.0 Ouï M. le Commissaire du Gouvernement en ses réquisitions tendant à ce que (3) le susnommé soit

1511.0 4941.0 4800.0 321.0 déclaré coupable d'outrages, par paroles, envers un agent dépositaire

1495.0 5121.0 4652.0 266.0 de la force publique dans l'exercice de ses fonctions et qu'il

1480.0 5238.0 4549.0 298.0 lui soit fait application des articles 224 du Code pénal

1480.0 5371.0 4346.0 329.0 7 et 8 de la loi du 9 Août 1849 sur l'état de siège

1446.0 5643.0 4779.0 297.0 et l'accusé dans ses moyens de défense, tant par lui que par son défenseur, lesquels ont

1441.0 5815.0 4774.0 225.0 déclaré n'avoir rien à ajouter à leurs moyens de défense, et ont eu la parole les derniers, le Président a déclaré les débats terminés,

1446.0 5946.0 2408.0 177.0 et il a ordonné au défenseur et à l'accusé de se retirer.

1589.0 6335.0 2242.0 188.0 L'accusé a été reconduit par l'escorte à la prison ;

3837.0 6335.0 2341.0 227.0 le Commissaire du Gouvernement, le Greffier et les assistants dans

1503.0 6429.0 2028.0 203.0 l'auditoire de sont retirés sur l'invitation du Président (4);

3570.0 6483.0 2749.0 181.0 Le Tribunal s'est retiré dans la chambre des délibérations

1480.0 6538.0 4683.0 290.0 Le Conseil délibérant à huis clos, le Président a posé la question, conformément à l'article 132 du Code de justice

1503.0 6671.0 4597.0 274.0 militaire, ainsi qu'il suit: Le sieur Fontaine Joseph Adolphe, cultivateur

1472.0 6797.0 4691.0 321.0 domicilié à Sainte-Austreberthe (Pas-de-Calais), est-il

1448.0 7008.0 4785.0 282.0 coupable d'avoir, le 3 Janvier 1915, à Marconne (Pas-de-

1433.0 7180.0 4792.0 321.0 Calais) outragé par paroles le gendarme Bonnaud (Numa

1433.0 7345.0 4761.0 368.0 Paul Marius) agent dépositaire de la force publique dans

1433.0 7572.0 4542.0 337.0 l'exercice de ses fonctions, en lui disant:  « Merde.» ?

1558.0 7760.0 940.0 203.0 (1) Et à décharge (s'il y en a).

1574.0 7909.0 4573.0 227.0 (2) Indiquer si des témoins ont été entendus sans prestation de serment, et pour quel motif ; dire que les pièces de conviction, s'il y en a, ont été représentées.

1472.0 7987.0 4691.0 258.0 Indiquer, en outre, ses incidents qui ont pu ce produire, en ayant soin de préciser à quel moment du débat ils ont en lieu, ses conclusions des parties, les

1495.0 8097.0 4649.0 240.0 réquisitions du ministère public, les moyens de défense présentés par l'accusé, et enfin le jugement motivé du Conseil. Dans le cas où le blanc laisse ici ne suf-

1456.0 8212.0 4683.0 229.0 firait pas pour insérer toutes ces mentions, on devra indiquer l'incident et le moment du débat il s'est produit, en ajoutant qu'il y a été statué par jugement

1472.0 8342.0 4675.0 164.0 séparé, lequel est joint et annexé au présent, et alors le jugement séparé doit indiquer la publicité de l'audience, se terminer par la même formule et être signé

1464.0 8386.0 4659.0 235.0 de la même manière que le jugement principal, en mentionnant qu'il y sera annexé comme en taisant partie. En cas de suspension d'audience et de remise au

1472.0 8480.0 2960.0 227.0 lendemain, la mention qui constate cette remise est signée par le Président et le Greffier seulement.

1542.0 8582.0 4065.0 251.0 (3) Indiquer si les réquisitions tendent à la déclaration de culpabilité et, dans ce cas, les articles de loi dont l'application est demandée.

1527.0 8705.0 3500.0 206.0 (4) S'il y a une chambre des délibérations, on mettra que le Tribunal s'est retiré dans la chambre des délibérations.

1840.0 8887.0 2286.0 181.0 Conseil de guerre. - N° 967 de la Nomenclature générale. - Formule n° 16.
