6362 9397
1512 399 4560 196 Enjoint au Commissaire du Gouvernement de faire donner immédiatement en sa présence lecture du présent jugement a ce

1449 548 2358 172 condamné - devant la garde rassemblée sous les armes,

1433 602 4740 243 de avertir que la loi accorde un délai de trois jours francs pour se pourvoir en cassation (1), ou de vingt-quatre heures

1418 783 1120 188 pour se pourvoir en revision (2)

1496 947 3972 290 Fait, clos et jugé sans désemparer, en séance publique, à Hesdin, les jour, mois et an que dessus.

1504 1213 4615 204 En conséquence, LE PRÉSIDENT DE LA RÉPUBLIQUE MANDE et ORDONNE à tous huissiers sur ce requis de mettre ledit jugement à

1410 1323 4709 211 exécution; aux Procureurs généraux et aux Procureurs de la République près les tribunaux de première instance d'y tenir la

1402 1448 4231 227 main; à tous commandants et officiers de la force publique de prêter main-forte lorsqu'ils en seront légalement requis.

1496 1605 3306 250 En foi de quoi le présent jugement a été signé par les Membres du Conseil et par le Greffier.

1786 1973 1058 352 +

3094.0 1871.0 799.0 486.0 +

5186.0 2020.0 972.0 399.0 +

3690.0 2036.0 799.0 618.0 +

4520.0 2184.0 533.0 556.0 +

2499.0 2364.0 830.0 400.0 +

1512 2819 4528 164 L'an mil neuf cent quatorze le dix-huit novembre le présent jugement à été lu par nous, Greffier soussigné, au condamné

3094 2897 3017 204 averti par le Commissaire du Gouvernement que l'article 44 de la loi du 17 avril

1433 3030 4223 188 1906 accorde trois jours pour se pourvoir en cassation (1), ou que les articles 141 et 143 du Code de justice militaire

1425 3147 4498 181 accordent vingt-quatre heures pour se pourvoir en revision (2), lesquels commencent à courir de l'expiration du présent jour.

5962 3116 164 251 Cette

1418 3265 2233 211 lecture faite en présence de la garde rassemblée sous les armes.

2413 3445 1269 211 Le Commissaire du Gouvernement,

2648.0 3602.0 995.0 336.0 +

4763 3445 400 180 Le Greffier,

4763.0 3547.0 384.0 376.0 +

3212 4189 1097 235 EXÉCUTOIRE.

1512 4541 4184 376 Vu la procédure instruite contre le soldat Monet Alfred Auguste

1410 4823 1371 204 et les frais d'icelle dont le détail suit:

1794 4980 3424 204 1^o Coût du transport des pièces et objets pouvant servie à conviction ou à décharge................. ......

1786 5129 3439 156 2^o Honoraires des officiers de santé, médecins, chirurgiens civils, sages-femmes, experts, interprètes, traducteurs et

1903 5223 3338 148 autres, appelés en justice.................................................................

1817 5309 3408 164 3^o Indemnités accordées aux témoins civils et militaires..............................................

1794 5426 3431 141 4^o Frais de garde de scellés et ceux de mise en fourrière.............................................

1794 5520 3424 133 5^o Indemnités de route, de transport et de séjour, accordées aux membres des tribunaux militaires pour les dépla-

1919 5622 3306 149 cements auxquels l'instruction des procédures peut donner lieu, ainsi que toutes autres dépenses nécessitées

1943 5708 3290 149 de ce chef..............................................................................

1825 5794 3424 165 6^o Port des lettres et paquets pour l'instruction, sauf le port des lettres résultant de l'application de la loi du

1958 5912 3283 125 15 juin 1899............................................................................

1755 5982 3478 173 7^o Frais l'impression des arrêts, jugements et ordonnances de justice, quand il y a lieu..................

1762 6084 3487 172 8^o Prime de capture des contumax, des déserteurs et des insoumis......................................

1755 6186 3470 156 9^o Frais résultant de l'obtention des extraits du casier judiciaire.........................................

1762 6288 3463 156 10^o Prix du bulletin n^o 1 et du duplicata dudit (décret du 12 décembre 1899, art. 13).....................

1747 6366 3486 157 11^o Coût des bulletins n^o 1 et du duplicata de ces bulletins établis par les greffiers des conseils de guerre au sujet

1966 6436 3604 181 des condamnations prononcées par ces conseils (décret du 12 décembre 1899, art. 13).................... 0,40

1708 6530 3799 220 12^o Frais de procédure ou coût du jugement........................................................ 1200

1762 6656 3463 156 13^o Amende.........................................................................................

1755 6750 3494 156 14^o Décimes additionnels (en France)...............................................................

1755 6859 3494 165 15^o Frais fixes de procédure devant la Cour de cassation ou le Conseil de revision...........................

1755 6945 3494 196 16^o Frais fixes de procédure devant le Conseil de guerre jugeant en 2^e instance......

3008 7110 2656 258 TOTAL.................................................. 12.40

1441 7306 4717 289 Vu le dispositif du jugement définitif, l'article 139 du Code de justice militaire, le Président du - Conseil de guerre

1425 7501 4780 196 permanent de la X^e Armée liquide les frais dont l'état est ci-dessus à la somme de douze francs quarante

1410 7627 509 164 centimes

3173 7642 2977 157 du montant de laquelle il délivre le présent exécutoire, pour le recouvrement de

1425 7736 4576 180 ladite somme être poursuivi sur les biens présents et à venir du condamné, par les percepteurs des Contributions directes.

1512 7862 4622 156 En conséquence, LE PRÉSIDENT DE LA RÉPUBLIQUE MANDE ET ORDONNE a tous huissiers sur ce requis de mettre ledit jugement à

1433 7971 4717 173 exécution; aux Procureurs généraux et aux Procureurs de la République près les tribunaux de première instance d'y tenir la

1418 8081 4238 172 main; à tous commandants et officiers de la force publique de prêter main-forte lorsqu'ils en seront légalement requis.

1519 8198 4443 227 Fait en la Chambre du Conseil de guerre susdit, à Hesdin, le 18 Novembre 1914

971 8316 3165 219 Le présent jugement a commencé à recevoir son exécution

916 8449 3072 235 le dix-huit novembre mil neuf cent quatorze pour

1418 8613 1316 181 (1) En France, en Algérie et en Tunisie.

908 8770 3291 251 compter le trente-et-un octobre mil neuf cent quatorze

1519 8770 955 110 (2) Aux colonies et aux armées.

2616.0 8903.0 447.0 180.0 Le Greffier

2710.0 8950.0 659.0 392.0 +

4450 8449 462 149 Le Président,

4771.0 8582.0 1026.0 305.0 +
