6557 9397
1919 297 4598 274 La séance ayant été ouverte, le Président a fait apporter et déposer devant lui, sur le bureau, un exemplaire du Code de justice

1809 462 4638 219 militaire, du Code d'instruction criminelle et du Code pénal ordinaire, et ordonné à la garde d'amener l'accusé, qui a

1793 579 4662 235 é́te introduit, libre et sans fers, devant le Conseil, accompagné de son défenseur le soldat Roy de

1699 681 3024 290 la 11 Section de C.O.A. désigne d'office

1872 1221 4583 306 Interrogé de ses nom, prénoms, âge, lieu de naissance, état profession et domicile l'accusé

1668 1527 4771 305 Bordeaux (Gironde) marié, sans enfant, profession de bourrelier, domicilié

1864 1425 4528 242 a répondu se nommer Soulignac Pascal âgé de quarante ans, né à

1723 1746 4716 243 à Bordeaux, Rue Belleville n^o 66 (Gironde) actuellement soldat au

1699 1879 4771 297 18 Escadron du de Train de Equipages militaire, Etat-major D. E.S. de la X^e Armée

1825 2756 4630 266 Le Président, après avoir fait lire par le greffier de convocation, le rapport prescrit par l'article 108 du Code de justice

1723 2920 4614 188 militaire, et les pièces dont la lecture lui a paru nécessaire, a fait connaître a l'accusé les faits a raison desquels il est

1739 3030 4042 204 poursuivi, et lui a donné, ainsi qu'au défenseur, l'avertissement indiqué en l'article 121 dudit Code;

1825 3147 2013 165 Après quoi, il a procédé à l'interrogatoire de l'accusé

3893 3163 2546 212 et a fait entendre publiquement et séparément les témoins à charge (1)

2569 3265 3901 243 ; lesdits témoins ayant au préalable prêté serment de parler sans haine et sans crainte, juré de dire toute la

1739 3382 1017 165 vérité et rien que la vérité;

1840 3735 4630 266 Et le Président ayant, en outre, rempli à leur égard les formalités proscrites par las articles 317 et 319 du Code d'instruction

1739 3876 448 172 criminelle;

1840 4001 133 188 (2)

1793 4792 4544 313 Ouï M. le Commissaire du Gouvernement en ses réquisitions tendant à ce que (3) le susnommé soit

1645 4980 4629 250 déclaré coupable d'ivresse publique et manifeste et qu'il lui soit

1613 5152 4340 282 fait application de l'article 271 du Code de Justice militaire

1652 5653 4763 282 et l'accusé dans ses moyens de défense, tant par lui que par son défenseur, lesquels ont

1660 5826 4732 227 déclaré n'avoir rien à ajouter à leurs moyens de défense, et ont eu la parole les derniers, le Président a déclaré les débats terminés.

1660 5951 2382 196 et il a ordonné au défenseur et a l'accusé de se retirer.

1770 6288 2233 227 L'accusé a été reconduit par l'escorte à la prison

4034 6217 2350 337 le Commissaire du Gouvernement, le Greffier et les assistants dans

1684 6436 2029 204 l'auditoire ce cent retiré́s sur l'invitation du Président (4)

3752 6429 2781 211 Le Tribunal s'est retiré dans le chambre des délibérations

1778 6570 4598 211 Le Conseil délibérant à huis clos, le Président a posé la  question, conformément a l'article 132 du Code de justice

1676 6687 4614 243 militaire, ainsi qu'il suit: le soldat Soulignac Pascal du 18 Escadron

1637 6804 4802 314 du Train des Equipages Militaires, Etat-Major D. E.S. de la X^e Armée

1613 6977 4779 297 s'est-il rendu coupable, le 23 février 1915, vers 19^H 50: à

1629 7196 4371 298 Hesdin (Pas-de-Calais) d'ivresse publique et manifeste?

1754 7885 925 94 (1) Et à décharge (s'il y en a).

1754 7885 4622 243 (2) Indiquer si des témoins ont été entendus sans prestation de serment, et pour quel motif ; dire que les pièces de conviction, s'il y en a, ont été représentées.

1684 7987 4684 235 Indiquer, en outre, ses incidents qui ont pu ce produire, en ayant soin de préciser à quel moment du débat ils ont en lieu, ses conclusions des parties, les

1676 8089 4677 227 réquisitions du ministère public, les moyens de défense présentés par l'accusé, et enfin le jugement motivé du Conseil. Dans le cas où le blanc laisse ici ne suf-

1676 8198 4677 212 firait pas pour insérer toutes ces mentions, on devra indiquer l'incident et le moment du débat il s'est produit, en ajoutant qu'il y a été statué par jugement

1660 8292 4693 220 séparé, lequel est joint et annexé au présent, et alors le jugement séparé doit indiquer la publicité de l'audience, se terminer par la même formule et être signé

1660 8386 4693 220 de la même manière que le jugement principal, en mentionnant qu'il y sera annexé comme en taisant partie. En cas de suspension d'audience et de remise au

1652 8472 2985 220 lendemain, la mention qui constate cette remise est signée par le Président et le Greffier seulement.

1739 8574 4081 235 (3) Indiquer si les réquisitions tendent à la déclaration de culpabilité et, dans ce cas, les articles de loi dont l'application est demandée.

1723 8660 3510 274 (4) S'il y a une chambre des délibérations, on mettra que le Tribunal s'est retiré dans la chambre des délibérations.

2028 8880 2311 164 Conseil de guerre. - N^o 967 de la Nomenclature générale. - Formule n^o 16.
