6531 9397
1660 501 4628 164 militaire, du Code d'instruction criminelle et du Code pénal ordinaire, et ordonné à la garde d'amener l'accusé, qui a

1761 336 4597 227 La séance ayant été ouverte, le Président a fait apporter et déposer devant lui, sur le bureau, un exemplaire du Code de justice

1660 602 4393 243 été introduit, libre et sans fers, devant le Conseil, accompagné de son défenseur Monsieur Laporte

1581 728 3939 321 Lieutenant attachés de 1^re classe à l'Intendance désigné d'office

1754 1268 4612 274 Interrogé de ses nom, prénoms, âge, lieu de naissance, état profession et domicile l'accusé

1754 1464 4377 211 a répondu se nommer Defrance Paul Ernest, âgé de cinquante

1558 1566 4620 305 huit francs ans, né à Grigny, arrondissement de Saint-Pol

1566 1730 4628 329 (Pas-de-Calais) veuf. cinq enfants, profession de maraîcher

1574 1910 3539 392 domicilié à Huby-Saint-Leu (Pas-de-Calais)

1730 2834 4613 204 Le Président, après avoir fait lire le greffier l'ordre de convocation, le rapport prescrit par l'article 108 du Code de justice

1644 2960 4464 203 militaire, et les pièces dont la lecture lui a paru nécessaire, a fait connaître a l'accusé les faits à raison desquels il est

1644 3077 4002 196 poursuivi, et lui a donné, ainsi qu'au défenseur, l'avertissement indiqué en l'article 121 dudit Code;

1730 3187 4605 180 Après quoi, il a procédé à l'interrogatoire de l'accusé et a fait entendre publiquement et séparément les témoins à charge (1).

1628 3304 4715 204 et à décharge; lesdits témoins ayant au préalable prêté serment de parler sans haine et sans crainte, jure de dire toute la

1628 3445 971 196 vérité et rien que la vérité;

1722 3743 4597 266 Et le Président ayant, en outre, rempli, à leur égard les formalités prescrites par les articles 317 et 319 du Code d'instruction

1636 3891 4808 196 criminelle; Le témoin Hannedouche régulièrement cité n'ayant pu comparaître pour cause de maladie (fin

1550 3978 4902 188 du dossier) le Président de l'avis et du consentement des parties a décidé de passer outre aux débats. Lecture a été

1550 4087 4879 165 donné de la déposition du témoin absent. L'accusé et son défenseur ont été admis à présenter leurs observations

1746 4126 78 71 (2)

1683 4166 4754 187 A la demande du défenseur, le Président, en vertu de son pouvoir discrétionnaire a fait entendre

1534 4244 4887 188 comme témoin de moralité Monsieur Majonenc Capitaine de cavalerie en retraite conformément aux

1550 4361 2475 180 prescriptions de l'article 125 du Code de Justice militaire.

1675 4361 4754 274 Deux bidons l'huile de cinq Kilos, deux bisons d'huile de deux Kilos, une couverture de laine brune

1542 4502 4863 227 une couverture d'ordonnance, saisis comme pièces à conviction ont été déposés devant le bureau

1550 4588 4800 274 du Conseil et le Président s'est conformé aux prescription de l'article 329 du C.J.C

1722 4847 4683 258 Ouï M. le Commissaire du Gouvernement en ses réquisitions tendant à ce que (3) le susnommé soit déclaré

1574 5011 4588 219 coupable de vol au péjudie de l'Etat et qu'il lui soit

1558 5176 4769 242 fait application des articles 401 du Code pénal, 7 et 8

1605 5340 3970 290 de la loi du 9 Août 1849 sus l'état de siège

1621 5700 4706 251 et l'accusé dans ses moyens de défense, tant par lui que par son défenseur, lesquels ont

1621 5865 4698 196 déclaré n'avoir rien à ajouter à leurs moyens de défense, et ont eu la parole les derniers, le Président a déclaré les débats terminés,

1636 6006 2342 196 et il a ordonné au défenseur et à l'accusé de se retirer.

1722 6335 2224 227 L'accusé a été reconduit par l'escorte à la prison;

1644 6507 1997 180 l'auditoire se sont retirés sur l'invitation du Président (4)

1730 6617 4597 172 Le Conseil délibérant à huis clos, le Président a posé les questions, conformément à l'article 132 du Code de justice

3704 6476 2701 211 Le Tribunal s'est retiré dans la chambre des délibérations

3985 6342 2342 212 le Commissaire du Gouvernement, le Greffier et les assistants, dans

1628 6742 4722 172 militaire, ainsi qu'il suit: 1^e Question: Le sieur Defrance Paul Ernest, maraîcher

1566 6867 4753 219 demeurant à Huby-St-Leu (Pas-de-Calais est-il coupable d'avoir, dans le

1558 7032 4683 180 courant du mois de novembre 1914, à Huby-S1-Leu (P.d.C.) détourné

1534 7141 3767 251 au préjudice de l'Etat deux bidons d'huile de cinq Kilos?

2545 7220 3696 289 2^e question: Le même est-il coupable d'avoir, dans les

1574 7345 4722 313 mêmes circonstances de temps et de lieu, détourné au préjudice de l'État

1550 7548 2138 235 deux bidons d'huile de deux Kilos?

2521 7619 3704 274 3^e Question: Le même est-il coupable d'avoir, dans les

1558 7791 4550 172 mêmes circonstances de temps et de lieu, detourné au préjurdice de l'Etat

1722 7901 956 133 (1) Et à décharge (s'il y en a).

1730 7987 4589 141 (2) Indiquer si des témoins ont été entendus sans prestation de serment, et pour quel motif; dire que les pièces de conviction, s'il y en a, ont été représentées.

1667 8057 4652 165 Indiquer, en outre, ses incidents qui ont pu se produire, en ayant soin de préciser à quel moment du débat ils ont eu lieu, ses conclusions des parties, les

1660 8136 4651 211 réquisitions du ministère public, les moyens de déiense présentés par l'accusé, et enfir le jugement motivé du Conseil. Dans le cas o le banc laisse ici ne suf

1660 8238 4643 187 firait pas pour insérer toutes ces mentions, on devra indiquer l'incident et le moment du débat où il s'est produit, en ajoutant qu'il y a été statué par jugement

1652 8363 4651 164 séparé, lequel est joint et annexé au présent, et alors le jugement séparé doit indiquer la publicité de l'audience, se terminer par la même formule et être signe

1652 8457 4651 164 de la même manière que le jugement principal, en mentionnant qu'il y sera annexé comme en taisant partie. En cas de suspension d'audience et de remise au

1652 8551 2991 172 lendemain, la mention qui constate cette remise est signée par le Président et le Greffier seulement.

1722 8645 4080 172 (3) Indiquer si les réquisitions tendent à la déclaration de culpabilité et, dans ce cas, les articles de loi dont l'application est demandée.

1714 8754 3501 180 (4) S'il y a une chambre des délibérations, on mettra que le Tribunal s'est retiré dans la chambre des délibérations.

2028 8942 2302 133 Conseil de querre. - N^o 967 de la Nomenclature générale. - Formule n^o 16.
