5901 9240
346 315 1279 378 N^o DU JUGEMENT: 48

662 639 293 308 (Art. 140

385 895 893 144 du Code de justice militaire.)

392 1093 817 185 MINUTE DE JUGEMENT.

1717 569 1765 208 RÉPUBLIQUE FRANÇAISE.

2118 1301 963 246 JUGEMENT

670 1547 3736 270 rendu par le - CONSEIL DE GUERRE permanent de la X^e Armée

1972 1763 2996 477 séant à Hesdin (Pas- de-Calais)

3643.0 1301.0 1503.0 339.0 2 et 7 février 1915

4267 462 239 154 N^o 967

3898 500 947 300 DE LA NOMENCLATURE GÉNÉRALE.

4021 716 716 200 [FORMULE N^o 16.]

3936 847 847 346 N^o 48 D'ORDRE.

3990 1185 770 154 Date du crime ou du délit.

1987 2240 1248 239 AU NOM DU PEUPLE FRANÇAIS,

385 2440 2796 262 Le - Conseil de guerre permanent de la X^e Armée

269 2648 1718 208 a rendu le jugement dont la teneur suit:

385 2825 3251 278 CEJOURD'HUI dix sept Février, an mil neuf cent quinze

385 2987 2781 208 Le  Conseil de guerre permanent de la X^e Armée

292 3133 2920 201 composé, conformément aux articles 33 et 34 du Code de justice militaire, de MM.

801 3280 3004 277 de Laage Chef d'escadron du service des Etapes

4159 3287 347 324 Président;

878 3526 2072 300 Cabis Capitaine de Gendarmerie

878 3765 2958 277 Delettre Capitaine au 25^e Régiment de Dragons

893 3980 3058 262 de Boisredon Lieutenant au 15^e Régiment de Dragons

885 4150 3190 339 Darmaillac Maréchal des Logis au 15^e Régiment de Dragons

4136 3927 224 254 Juges.

308 4496 3266 285 tous nommés par le (1) Général Commandant la 10^e Armée

292 4704 2419 162 M. Durnerin Chef d'escadron Commissaire du Gouvernement;

285 4804 2234 216 M. Laval sergent Commis Greffier près ledit Conseil;

392 4851 4022 246 Lesquels ne se trouvent dans aucun des cas d'incompatibilité prévus par les articles 22, 23 et 24 du Code précité;

392 5035 4538 216 Le Conseil, convoqué par l'ordre du comandant, conformément à l'article 111 du Code de justice militaire, s'est réuni dans

300 5143 1972 200 le lieu ordinaire de ses séances, en audience publique (2)

385 5197 5061 262 À l'effet de juger les nommés Lagache Oscar Daniel Raoul, fils de Romain Victor

285 5382 5007 169 fils de Julie Faron, né le 21 juillet 1876 à Cheriennes, arrondissement de Montreuil

285 5482 3458 177 département de Pas-de-Calais, profession de Cultivateur

285 5605 3674 170 résidant, avant son entrée au service, à Cheriennes (Pas-de-Calais)

369 5713 655 185 Taille d'un mètre

1972 5728 739 177 millimètres, cheveux

3890 5728 231 170 , front

277 5813 254 193 yeux

1841 5836 223 185 , nez

3428 5836 308 185 , visage

377 5913 2588 208 Renseignements physionomiques complémentaires: Néant

392 5998 3613 254 Marques particulières: Néant Marié - Trois enfants

292 6167 108 177 (3)

300 6198 4707 308 et Josse Jean fil de François et de Corinne

338 6391 4569 254 Vacossin, né le 6 octobre 1867 a Chériennes, arrondissement

531 6575 4522 247 Montreuil (Pas-de-Calais) profession de Cultivateur, résidant

277 6706 3205 247 à Cheriennes (Pas-de-Calais) Célibataire

277 6945 1101 323 Accusés tous deux

1486 6829 3089 262 de Refus d'obéir à une réquisition militaire

1471 7014 3544 231 et outrages à un citoyen chargé d'un ministère de

1494 7153 3575 254 service public dans l'exercice ou à l'occasion de l'exercice

1517 7315 940 231 de ses fonctions

254 7384 3436 377 Condamnations Antérieures

493 7769 1509 377 Lagache: Néant

3281 7800 1233 338 Josse: Néant

369 8154 4553 115 (1) Le gouverneur civil ou militaire. - Le général commandant le corps d'armée (France). Le général commandant la division militaire, la division ou

292 8185 3713 161 la brigade d'occupation, etc... – ou le ministre de la guerre, selon les cas prévus par l'article 8 du Code de justice militaire.

369 8254 4561 185 (2) Si le huis clos a été ordonné, le dire en visant l'article 113 du Code de justice militaire; il ne peut être ordonné que pour les débats, et tous les jugements

292 8354 1117 177 doivent être prononcés publiquement.

369 8439 3113 192 (3) Indiquer le crime ou le délit sur lequel l'accusé a été traduit devant de Conseil de guerre (art. 140).

415 8724 617 138 FORMULE N^o 16
