5840 9301
349 279 4637 294 ça va bien, je te retrouverai à Gisors... tous les

333 434 3899 333 sous-off et les officiers sont des fainéant»?

465 2038 4537 310 Les voix recueillies séparément, conformément à l'article 131 du Code de justice militaire, ou commençant par le grade inférieur

364 2224 3048 248 le Président ayant émis son opinion le dernier, le Conseil de guerre permanent déclare

418 2604 3987 418 A l'unanimité, l'accusé est coupable

442 3945 4575 248 Sur quoi, et attendu les conclusions prises par le Commissaire du Gouvernement dans ses réquisitions, le Président a lu le texte

349 4115 4668 271 de la loi, recueilli de nouveau les voix dans la forme prescrite par les articles 131 et 134 du Code de militaire pour l'appli-

349 4256 643 130 cation de la peine.

434 4378 3819 148 Le Conseil est rentré en séance publique, le Président a lu les motifs que précèdent et le dispositif ci-dessous.

442 4282 4382 415 En conséquence, de Conseil (1) condamne le soldat Cocuelle

248 4541 4467 334 Rodolphe Adolphe Charles Elie Victor, susqualifié, à l'unanimité

271 4751 4289 256 à la peine de Un an de prison par application de

271 4945 4591 240 l'article le 224 du Code de Justice Militaire. Le Conseil le condamne

248 5154 4653 178 en outre, aux frais envers l'Etat et fine au minimum la durée de la

263 5309 4266 232 contrainte par corps par application des articles 139 du Code de

263 5472 4677 294 Justice Militaire et 9 de la loi du 22 juillet 1867, tous articles

232 5658 4095 255 visés lus par le Président en audience publique et ainsi conçu:

294 5828 4592 287 Article 224 du Code de Justin Militaire : « Tout militaire qui outrage son supérieur

248 5960 4746 318 « par paroles, gestes ou menaces, en dehors du service – est puni d'un emprisonnement

224 6115 1389 209 « de un an à cinq ans

248 6262 4816 333 Article 139 du Cote de Justice Militaire: « Le jugement qui prononce une

248 6456 3940 217 « peine contre l'accusé le condamne aux frais envers l'Etat

263 6595 4685 310 Article 9 de la loi du 22 Juillet 1867: « La durée de la contrainte par

232 6820 4646 248 « corps est réglée ainsi qu'il suit: de deux jour à vingt jours lorsque

217 6952 4839 341 « l'amende et les autres condamnations n'excédant pas cinquante francs

418 8549 4561 170 (1) Avoir soin de spécifier, s'il y a lieu, après t'indication de la peine infligée, la décision motivée du Conseil relative à ma non-imputation pour tout ou

317 8626 2063 163 partie de la détention préventive sur la durée de la peine prononcée.
