3824 6087
433 331 3259 216 coupable d'avoir outrage par paroles et menaces, son superieur le maréchal

416 451 913 147 des logis Goumet?

436 547 2240 244 3^o les outrages ont ils eu lieu pendant le service?

416 1349 2954 159 Les voix recueillies séparément, conformément à l'article 131 du Code de justice militaire, en commençant par le grade inférieur

362 1447 1986 125 le Président ayant émis son opinion le dernier, le Conseil de guerre permanent déclare

311 1670 2419 139 dus la 1^ere question: à l'unanimité: Oui

351 1876 2440 142 sur la 2^e question: à l'unanimité: Oui

345 2049 2484 165 sur la 3^e question: à l'unanimité: Oui

362 2255 3275 166 A la majorité il existe des circonstances atténuantes en faveur de l'inculpé

409 2624 2991 121 Sur quoi, et attendu les conclusions prises par le Commissaire du Gouvernement dans ses réquisitions, le Président a lu le texte

355 2708 3032 115 de la loi, recueilli de nouveau les voix dans la forme prescrite par les articles 131 et 134 du Code de justice militaire pour l'appli-

355 2786 450 95 cation de la peine.

419 2860 2501 105 Le Conseil est rentré en séance publique, le Président a lu les motifs qui précèdent et le dispositif ci-dessous.

419 2938 3273 125 En conséquence, le Conseil (1) condamne Bérenger sus-qualifé 1^o à l'unanimité

368 3023 3310 121 à le peine de huit jours d'emprisonnement 2^o a quatre voix contre

385 3109 3068 117 une, à la peine de deux mois d'emprisonnement; le Conseil le

380 3195 3129 127 Condamne en outre aux frais envers l'Etat et fixe au minimum

396 3271 3148 137 la durée de la contrainte par corps; mais attendu toutefois que

396 3357 3067 143 le condamné n'a pas subi de condamnation antérieure, que ses

379 3452 3032 139 antécedent justifient une mesure d'indulgence, le Conseil déclare

372 3550 3225 139 à l'unanimité qu'il sera sursis à l'exécution de la peine de deux

358 3642 3334 135 mois d'emprisonnement, le tout par application des articles 224, 271, du 139 du

368 3743 3026 152 Code de Justice militaire, & de la loi du 2 Juillet 1850, 1^er de la loi du

375 3848 3232 152 19 Juillet 1901, 1^er de la loi du 26 mars 1891, & de la loi du 28 Juin 1904,

389 3943 3286 128 1^er et 2 de la loi du 27 Avril 1916, les quels articles ont été lus à l'audience

382 4041 724 128 par le Président

392 4129 2257 142 Ceux relatifs à la pénalité sont ainsi conçus:

375 4210 3303 148 Art. 224. C.J.M: Tout militaire qui, pendant le service ou à l'occasion

368 4308 3178 152 du service outrage son supérieur par paroles, gestes, ou menaces, est

382 4392 3303 166 puni..... et de cinq ans à dix ans de travaux publics s'il est sous- officier

402 4507 1340 142 caporal, brigadier au soldat.

362 4582 3120 148 Art 1^er loi 27 Avril 1916:... si la peine est celle des travaux publics, le

382 4686 3289 159 Conseil de guerre appliquera un emprisonnement de deux mois à cinq ans

389 4778 3252 159 Art. 271. C.J.M: sont laissés à l'impression de l'autorité militaire et preuves

379 4893 2886 149 d'un emprisonnement dont la durée ne peut excéder deux mois:

395 5008 2542 132 1^o les contraventions de police commises par les militaires

419 5241 1029 179 9 de la loi du 22 juillet 1867

10 2987 335 239 la majorité de

96 3190 223 132 Le Greffier

126 3236 254 289 +

869 5376 684 136 Renvoi approuvé

964 5464 535 139 le greffier: +

401 5640 2986 81 (1) Avoir soin de spécifier, s'il y a lieu, après t'indication de la peine infligée, la décision motivée du Conseil relative à ma non-imputation pour tout ou

340 5676 1351 137 partie de la détention préventive sur la durée de la peine prononcée.
