3860 6062
606 287 3142 162 Enjoint au Commissaire du Gouvernement de faire donner immédiatement en sa présence lecture du présent jugement au condamné

555 353 3188 162 du 26 mars 1891 devant la garde rassemblée sons les armes, et de lui donner l'avertissement prescrit par l'art. 3 de la loi

550 419 3047 182 de avertir que la loi accorde un délai de trois jours francs pour se pourvoir en cassation (1), ou de vingt-quatre heures

545 540 738 136 pour se pourvoir en revision (2).

601 661 2566 182 Fait, clos et jugé sans désemparer, en séance publique, aux Armées, les jour, mois et an que dessus.

606 798 3001 171 En conséquence, LE PRÉSIDENT DE LA RÉPUBLIQUE MANDE et ORDONNE à tous huissiers sur ce requis de mettre ledit jugement à

550 884 3052 161 exécution; aux Procureurs généraux et aux Procureurs de la République près les tribunaux de première instance d'y tenir la

540 964 2744 157 main; à tous commandants et officiers de la force publique de prêter main-forte lorsqu'ils en seront légalement requis.

616 1106 2137 177 En foi de quoi le présent jugement a été signé par les Membres du Conseil et par le Greffier.

2844 1267 743 283 +

1869 1237 616 349 +

550.0 1237.0 713.0 490.0 +

959.0 1348.0 662.0 521.0 +

2308.0 1404.0 415.0 374.0 +

2900 1646 778 187 +

591 1859 2981 136 L'an mil neuf cent dix huit, le Vingt-trois Octobre le présent jugement a été lu par nous, Greffier soussigné, au condamné

1657 1909 1955 131 averti par le Commissaire du Gouvernement que l'article 44 de la loi du 17 avril

560 1995 2734 131 1906 accorde trois jours pour se pourvoir en cassation (1), ou que les articles 141 et 143 du Code de justice militaire

555 2050 2895 157 accordent vingt-quatre heures pour se pourvoir en revision (2), lesquels commencent à courir de l'expiration du présent jour.

3486 2030 131 142 Cette

560 2111 3274 177 lecture faite en présence de la garde rassemblée sous les armes. L'avertissement prescrit par l'art. 3 de la loi du 26 mars 1891

545 2232 884 101 à été donné au condamné

1222 2298 773 101 Le Commissaire du Gouvernement,

1338.0 2333.0 470.0 248.0 +

2728 2298 273 116 Le Greffier,

2814.0 2409.0 616.0 217.0 +

1748 2743 646 156 EXÉCUTOIRE.

631 3010 2749 207 Vu ta procédure instruite contre le soldat Boussaguet, François Jean Baptiste

545 3162 915 131 et les frais d'icelle dont le détail suit:

803 3278 2223 131 1^o Coût du transport des pièces et objets pouvant servie à conviction ou à décharge................. ......

803 3359 2233 116 2^o Honoraires des officiers de santé, médecins, chirurgiens civils, sages-femmes, experts, interprètes, traducteurs et

894 3419 2132 107 autres, appelés en justice.................................................................

808 3485 2218 111 3^o Indemnités accordées aux témoins civils et militaires..............................................

813 3546 2218 111 4^o Frais de garde de scellés et ceux de mise en fourrière.............................................

818 3611 2208 107 5^o Indemnités de route, de transport et de séjour, accordées aux membres des tribunaux militaires pour les dépla-

899 3672 2137 106 cements auxquels l'instruction des procédures peut donner lieu, ainsi que toutes autres dépenses nécessitées

914 3743 2117 96 de ce chef..............................................................................

813 3793 2228 106 6^o Port des lettres et paquets pour l'instruction, sauf le port des lettres résultant de l'application de la loi du

899 3859 2137 101 15 juin 1899............................................................................

818 3925 2218 106 7^o Frais l'impression des arrêts, jugements et ordonnances de justice, quand il y a lieu..................

813 3990 2471 91 8^o Prime de capture des contumax, des déserteurs et des insoumis...................................... 25

808 4041 2486 111 9^o Frais résultant de l'obtention des extraits du casier judiciaire......................................... 0. 90

798 4107 2238 106 10^o Prix du bulletin n^o 1 et du duplicata dudit (décret du 12 décembre 1899, art. 13).....................

793 4172 2253 101 11^o Coût des bulletins n^o 1 et du duplicata de ces bulletins établis par les greffiers des conseils de guerre au sujet

934 4238 2314 106 des condamnations prononcées par ces conseils (décret du 12 décembre 1899, art. 13).................... 0. 40

798 4298 2425 107 12^o Frais de procédure ou coût du jugement........................................................ 12^f 00

808 4364 2238 101 13^o Amende.........................................................................................

798 4425 2248 101 14^o Décimes additionnels (en France)...............................................................

798 4495 2248 96 15^o Frais fixes de procédure devant la Cour de cassation ou le Conseil de revision...........................

798 4551 2248 111 16^o Frais fixes de procédure devant le Conseil de guerre jugeant en 2^e instance.............................

1616 4617 1668 177 TOTAL.................................................. 37.65

651 4809 3017 141 Vu le dispositif du jugement définitif, l'article 139 du Code de justice militaire, le Président du   Conseil de guerre

586 4915 2986 121 permanent du Q. G. de la 10 armée liquide les trais dont l'état est ci-dessus à la somme de Trente sept francs,

646 4991 3011 111 soixante cinq centimes du montant de laquelle il délivre le présent exécutoire, pour le recouvrement de

591 5071 2981 112 ladite somme etre poursuivi sur les biens présents et à venir du condamné, par les percepteurs des Contributions direcles.

661 5142 3001 106 En conséquence, LE PRÉSIDENT DE LA RÉPUBLIQUE MANDE ET ORDONNE a tous huissiers sur ce requis de mettre ledit jugement à

596 5203 3066 131 exécution; aux Procureurs généraux et aux Procureurs de la République près les tribunaux de première instance d'y tenir la

596 5294 2753 116 main; à tous commandants et officiers de la force publique de prêter main-forte lorsqu'ils en seront légalement requis.

651 5369 2653 107 Fait en la Chambre du Conseil de guerre susdit, aux Armées, le 23 Octobre 1918.

338 5425 1849 146 détention préventive subie du 22 septembre au 27 octobre 1918

363 5531 960 126 Le Commissaire Rapporteur

1743 5521 358 131 Le greffier

1717 5551 485 268 +

485.0 5667.0 565.0 147.0 +

661 5627 778 131 (1) En France, en Algérie et en Tunisie

666 5703 602 121 (2) Aux colonies et aux armées.

2556 5521 308 96 Le Président,

2682 5582 617 171 +
