3860 6062
495 257 3006 157 La séance ayant été ouverte, le Président a fait apporter et déposer devant lui, sur le bureau, un exemplaire du Code du justice

424 368 2996 127 militaire, du Code d'instruction criminelle et du code pénal ordinaire, et ordonné à la garde d'amener l'accusé, qui a

424 449 3375 121 été introduit, libre et sans fers, devant le Conseil, accompagné de son défenseur d'office le conducteur automobiliste

424 545 1046 167 Tesson du Q. G. de l'Armée

495 873 2905 172 Interrogé de ses nom, prénoms, âge, lieu de naissance, état profession et domicile l'accusé

540 990 3042 121 a répondu se nommer Ruminy, Gustave vingt ans, enfant assisté du

474 1076 3108 131 département de la Seine, célibataire domestique de culture, domicilié à

479 1141 3274 182 Giry (Nièvre) actuellement soldat du 29^e Régiment d'artillerie de 75 porté

479 1257 571 122 2^e Batterie

474 1843 3027 157 Le Président, après avoir fait lire par le greffier de convocation, le rapport prescrit par l'article 108 du Code de justice

424 1960 2971 121 militaire, et les pièces dont la lecture lui a paru nécessaire, a fait connaître a l'accusé les faits à raison desquels il est

419 2035 2607 122 poursuivi, et lui a donné, ainsi qu'au défenseur, l'avertissement indiqué en l'article 121 dudit Code;

479 2121 1279 126 Après quoi, il a procédé à l'interrogatoire de l'accusé

1813 2096 1657 136 et a fait entendre publiquement et séparément les témoins à charge (1)

991 2187 2505 106 ; lesdits témoins ayant au préalable prêté serment de parler sans haine et sans crainte, jure de dire toute la

434 2253 611 141 vérité et rien que la vérité;

490 2465 2986 197 Et le Président ayant, en outre, rempli à leur égard les formalités proscrites par las articles 317 et 319 du Code d'instruction

434 2601 248 126 criminelle;

490 2672 70 156 (2)

479 3162 3204 156 Ouï M. le Commissaire du Gouvernement en ses réquisitions tendant à ce que (3) le susnommé soit déclaré coupable

419 3293 3233 142 des faits relevés contre lui en l'ordre de mise en Jugement, et à ce qui il lui soit

429 3369 2723 197 fait application de l'articles 213 du code de Justice militaire

414 3728 3082 151 et l'accusé dans ses moyens de défense, tant par lui que par son défenseur, lesquels ont

409 3844 3082 116 déclaré n'avoir rien à ajouter à leurs moyens de défense, et ont eu la parole les derniers, le Président a déclaré les débats terminés,

404 3909 1526 112 et il a ordonné au défenseur et à l'accusé de se retirer.

469 4142 3017 141 L'accusé a été reconduit par l'escorte à la prison; le Commissaire du Gouvernement, le Greffier et les assistants dans

414 4243 1324 111 l'auditoire de sont retirés sur l'invitation du Président (4);

474 4319 3022 156 Le Conseil délibérant à huis clos, le Président a posé les questions, conformément à l'article 132 du Code de justice

424 4400 596 101 militaire, ainsi qu'il suit:

535 4506 3163 192 1^e Question Le Soldat Ruminy Gustave, du 29^e Régiment d'artillerie de campagne,

404 4662 3339 177 75 porté, 2^e Batterie, est-il coupable d'avoir aux armée, le 07 aout 1918, abandonné

414 4824 3344 161 son poste, en quittant la position de batterie, après avait reçu, du brigadier Bianchetté

399 4960 3309 207 l'ordre de rester pour garder des Cannons, qui, avarié par un éclatement d'obus devait être

1156 5177 1799 71 pris en remorque par un autre camion?

479 5177 602 61 (1) Et à décharge (s'il y en a).

474 5198 3017 106 (2) Indiquer si des témoins ont été entendus sans prestation de serment, et pour quel motif; dire que les pièces de conviction, s'il y en a, ont été représentées.

424 5248 3067 121 Indiquer, en outre, ses incidents qui ont pu ce produire, en ayant soin de préciser à quel moment du débat ils ont en lieu, ses conclusions des parties, les

424 5324 3057 111 réquisitions du ministère public, les moyens de défense présentés par l'accusé, et enfin le jugement motivé du Conseil. Dans le cas où le blanc laisse ici ne suf-

429 5395 3062 101 firait pas pour insérer toutes ces mentions, on devra indiquer l'incident et le moment du débat il s'est produit, en ajoutant qu'il y a été statué par jugement

424 5450 3067 106 séparé, lequel est joint et annexé au présent, et alors le jugement séparé doit indiquer la publicité de l'audience, se terminer par la même formule et être signé

429 5511 3062 106 de la même manière que le jugement principal, en mentionnant qu'il y sera annexé comme en taisant partie. En cas de suspension d'audience et de remise au

424 5566 1950 112 lendemain, la mention qui constate cette remise est signée par le Président et le Greffier seulement.

474 5632 2648 116 (3) Indiquer si les réquisitions tendent à la déclaration de culpabilité et, dans ce cas, les articles de loi dont l'application est demandée.

469 5698 2269 116 (4) S'il y a une chambre des délibérations, on mettra que le Tribunal s'est retiré dans la chambre des délibérations.

661 5809 1521 101 Conseil de guerre. - N^o 967 de la Nomenclature générale. - Formule n^o 16.
