3824 6087
307 192 603 132 N^o DU JUGEMENT:

416 280 243 129 848

512 436 204 111 (Art. 140

338 503 572 98 du Code de justice militaire.)

324 652 579 115 MINUTE DE JUGEMENT.

1197 311 1138 128 RÉPUBLIQUE FRANÇAISE

1468 794 640 152 JUGEMENT

534 977 2586 172 rendu par le CONSEIL DE GUERRE permanent du Q. G. de la 10^e Armée

1357 1109 615 159 séant àu S.P. 77

2639 787 677 119 19 Novembre 1917

2869 233 167 101 N^o 967

2635 248 625 162 DE LA NOMENCLATURE GÉNÉRALE.

2720 412 464 112 [FORMULE N^o 16.]

2686 561 542 88 N^o 12 D'ORDRE.

2696 700 518 101 Date du crime ou du délit.

1363 1440 836 112 AU NOM DU PEUPLE FRANÇAIS,

345 1572 1990 135 Le Conseil de guerre permanent du Q.G. de la 10^e Armée

248 1673 1118 127 a rendu le jugement dont la teneur suit:

324 1809 2234 138 CEJOURD'HUI sept février an mil neuf cent dix huit

328 1917 233 81 Le

751 1920 1648 109 Conseil de guerre permanent de Q. G de la 10^e Armée

263 1985 1912 115 composé, conformément aux articles 3 et 10 du Code de jubtice militaire, de MM.

368 2072 1740 136 Vernet, l^t colonel, Prévot, de l'Armée

2788 2076 257 138 Président;

345 2206 2250 198 Dauhaire, Chef d'escadron, Inspecteur du matériel

2204 2328 584 111 d'Artillerie de l'Armée

345 2363 2468 203 Bault, capitaine adjoint au chef du service télégraphique

2240 2499 430 81 de l'Armée

360 2536 2407 152 Bouguié, lieutenant adjoint au chef du service radioté

1924 2612 853 152 legraphique de l'Armée

345 2701 2257 156 Géraud, adjudants au 23^e Régiment de Dragons.

2808 2536 137 172 Juges.

263 2887 2319 166 tous nommés par le (1) Général commandant la 10^e Armée

267 3019 1594 112 M. Lapeyre Capitaine Commissaire du Gouvernement;

277 3100 1462 92 M. Rey, sergent, Commis Greffier près ledit Conseil;

335 3165 2653 108 Lesquels ne se trouvent dans aucun des cas d'incompatibilité prévus par les articles 22, 23 et 24 du Code précité;

328 3243 2991 108 Le Conseil, convoqué par l'ordre du commandant, conformément à l'article 111 du Code de justice militaire, s'est réuni dans

279 3307 1310 122 le lieu ordinaire de ses séances, en audience publique (2)

335 3351 2027 142 A l'effet de juger le conducteur Porte Pierre

270 3449 2579 132 fils de Jean et Queyreix Marie, né le 4 Juin 1885, à Bordeaux

270 3533 2863 122 département de la Gironde, profession de boiseur en ciment armée

270 3628 1300 95 résidant, avant son entrée au service, à Bordeaux

345 3686 2893 128 Taille d'un mètre six cent quarante millimètres, cheveux chatain, front découvert

289 3768 355 122 yeux gris

1284 3768 640 127 , nez moyen

2277 3780 602 102 , visage ovale

331 3861 1198 88 Renseignements physionomiques complémentaires:

338 3943 538 94 Marques particulières:

294 4002 71 127 (3)

792 4078 2864 223 Conducteur du 20^e Escadron du Train des équipages militaires

582 4335 2778 189 Inculpé de refus d'obeissance sur un territoire en état de guerre

984 4636 1760 149 Condamnation antérieurs: néant.

362 5261 2984 122 (1) Le gouverneur civil ou militaire. - Le général commandant le corps d'armée (France). Le général commandant la division militaire, la division ou

307 5315 2417 122 la brigade d'occupation, etc... – ou le ministre de la guerre, selon les cas prévus par l'article 8 du Code de justice militaire.

355 5346 2981 172 (2) Si le huis clos a été ordonné, le dire en visant l'article 113 du Code de justice militaire; il ne peut être ordonné que pour les débats, et tous les jugements

294 5442 731 107 doivent être prononcés publiquement.

355 5471 2030 156 (3) Indiquer le crime ou le délit sur lequel l'accusé a été traduit devant de Conseil de guerre (art. 140).

370 5676 412 106 FORMULE N° 16.

25 4631 122 309 973-463-1915.
