3876 6062
560 207 2997 171 La séance ayant été ouverte, le Président a fait apporter et déposer devant lui, sur le bureau, un exemplaire du Code du justice

495 313 2976 141 militaire, du Code d'instruction criminelle et du code pénal ordinaire, et ordonné à la garde d'amener l'accusé, qui a

495 414 2996 116 été introduit, libre et sans fers, devant le Conseil, accompagné de son défenseur M. le Conducteur Tesson, du

505 484 1218 177 Service automobile du Q. G. de l'Armée

555 823 2881 177 Interrogé de ses nom, prénoms, âge, lieu de naissance, état profession et domicile l'accusé

530 954 2951 127 il a répondu se nommer Aubel, Georges, 39 ans, né à Vagney, arrond^nt de Remiremont (Vosges)

510 1040 2951 157 marié, trois enfants, cultivateur, domicilié à Vagney, actuellement conducteur à la Section

520 1126 793 141 Automobile T.M. 33

535 1808 3012 146 Le Président, après avoir fait lire par le greffier de convocation, le rapport prescrit par l'article 108 du Code de justice

469 1924 2906 106 militaire, et les pièces dont la lecture lui a paru nécessaire, a fait connaître a l'accusé les faits à raison desquels il est

469 1995 2603 121 poursuivi, et lui a donné, ainsi qu'au défenseur, l'avertissement indiqué en l'article 121 dudit Code;

530 2061 1263 121 Après quoi, il a procédé à l'interrogatoire de l'accusé

1809 2084 1751 99 et a fait entendre publiquement et séparément les témoins à charge (1)

995 2152 2581 117 ; lesdits témoins ayant au préalable prêté serment de parler sans haine et sans crainte, jure de dire toute

469 2207 612 126 vérité et rien que la vérité;

539 2475 3039 131 Et le Président ayant, en outre, rempli à leur égard les formalités proscrites par las articles 317 et 319 du Code d'instruction

475.0 2540.0 247.0 117.0 criminelle;

520 2616 76 142 (2)

515 3121 3088 187 Ouï M. le Commissaire du Gouvernement en ses réquisitions tendant à ce que (3) l'inculpé soit déclaré coupable des

505 3248 3052 187 fait relevés contre lui dans l'ordre de mise en jugement, et qu'il lui soit fait application de

490 3334 995 197 l'article 320 du Code Pénal

439 3672 3078 172 et l'accusé dans ses moyens de défense, tant par lui que par son défenseur, lesquels ont

439 3788 3078 142 déclaré n'avoir rien à ajouter à leurs moyens de défense, et ont eu la parole les derniers, le Président a déclaré les débats terminés,

434 3869 1526 111 et il a ordonné au défenseur et à l'accusé de se retirer.

490 4086 3017 177 L'accusé a été reconduit par l'escorte à la prison; le Commissaire du Gouvernement, le Greffier et les assistants dans

384 4177 1384 127 l'auditoire de sont retirés sur l'invitation du Président (4);

495 4258 3022 147 Le Conseil délibérant à huis clos, le Président a posé la question, conformément à l'article 132 du Code de justice

434 4344 627 131 militaire, ainsi qu'il suit:

1106 4405 2431 202 Le soldat Aubel, Georges, Conducteur à la Section T.M. 33,

469 4536 3083 167 est-il coupable d'avoir, sur le territoire de la commune de Viarmes (Seine et-Oise)

454 4677 3098 172 le 12 août 1918, par maladresse, imprudence, inattention, négligence ou inobservation

485 4788 3062 208 des règlements, causé involontairement des blessures à la dame Damoy, aux sieurs

428 4916 1750 159 Damoy, Guilbert, et au fils de ce dernier?

480 5132 621 51 (1) Et à décharge (s'il y en a).

480 5137 3016 152 (2) Indiquer si des témoins ont été entendus sans prestation de serment, et pour quel motif; dire que les pièces de conviction, s'il y en a, ont été représentées.

434 5193 3057 151 Indiquer, en outre, ses incidents qui ont pu ce produire, en ayant soin de préciser à quel moment du débat ils ont en lieu, ses conclusions des parties, les

429 5273 3057 132 réquisitions du ministère public, les moyens de défense présentés par l'accusé, et enfin le jugement motivé du Conseil. Dans le cas où le blanc laisse ici ne suf-

429 5339 3067 131 firait pas pour insérer toutes ces mentions, on devra indiquer l'incident et le moment du débat il s'est produit, en ajoutant qu'il y a été statué par jugement

424 5395 3062 141 séparé, lequel est joint et annexé au présent, et alors le jugement séparé doit indiquer la publicité de l'audience, se terminer par la même formule et être signé

419 5455 3072 152 de la même manière que le jugement principal, en mentionnant qu'il y sera annexé comme en taisant partie. En cas de suspension d'audience et de remise au

429 5521 1941 116 lendemain, la mention qui constate cette remise est signée par le Président et le Greffier seulement.

480 5587 2648 131 (3) Indiquer si les réquisitions tendent à la déclaration de culpabilité et, dans ce cas, les articles de loi dont l'application est demandée.

441 5647 2320 118 (4) S'il y a une chambre des délibérations, on mettra que le Tribunal s'est retiré dans la chambre des délibérations.

633 5769 1545 90 Conseil de guerre. - N^o 967 de la Nomenclature générale. - Formule n^o 16.
