3731 6062
444 227 3140 161 Enjoint au Commissaire du Gouvernement de faire donner immédiatement en sa présence lecture du présent jugement à l'accusé

945 313 976 116 devant la garde rassemblée sous les armes,

389 368 3053 167 de avertir que la loi accorde un délai de trois jours francs pour se pourvoir en cassation (1), ou de vingt-quatre heures

389 464 718 142 pour se pourvoir en revision (2).

434 601 2574 141 Fait, clos et jugé sans désemparer, en séance publique, àux armées, les jour, mois et an que dessus.

434 747 3003 142 En conséquence, LE PRÉSIDENT DE LA RÉPUBLIQUE MANDE et ORDONNE à tous huissiers sur ce requis de mettre ledit jugement à

364 838 3073 126 exécution; aux Procureurs généraux et aux Procureurs de la République près les tribunaux de première instance d'y tenir la

364 929 2755 111 main; à tous commandants et officiers de la force publique de prêter main-forte lorsqu'ils en seront légalement requis.

429 1040 2129 162 En foi de quoi le présent jugement a été signé par les Membres du Conseil et par le Greffier.

2689 1333 647 243 +

409.0 1212.0 435.0 404.0 +

1729 1328 510 298 +

985.0 1313.0 425.0 333.0 +

2042.0 1601.0 384.0 237.0 +

2841 1616 743 318 +

419 1818 2735 106 L'an mil neuf cent dix-huit, le Seize Octobre le présent jugement a été lu par nous, Greffier soussigné, à l'accusé

1450 1879 1952 126 averti par le Commissaire du Gouvernement que l'article 44 de la loi du 17 avril

358 1934 2741 142 1906 accorde trois jours pour se pourvoir en cassation (1), ou que les articles 141 et 143 du Code de justice militaire

358 2015 2907 157 accordent vingt-quatre heures pour se pourvoir en revision (2), lesquels commencent à courir de l'expiration du présent jour.

3286 2045 146 132 Cette

353 2076 1441 161 lecture faite en présence de la garde rassemblée sous les armes.

1026 2212 758 131 Le Commissaire du Gouvernement

1026 2293 647 202 +

2532 2222 263 162 Le Greffier,

2593 2293 511 293 +

1541 2682 653 182 EXÉCUTOIRE.

399 2995 789 137 Vu la procédure instruite contre le

333 3086 895 142 et les frais d'icelle dont le détail suit:

581 3197 2219 152 1^o Coût du transport des pièces et objets pouvant servie à conviction ou à décharge................. ......

576 3288 2219 137 2^o Honoraires des officiers de santé, médecins, chirurgiens civils, sages-femmes, experts, interprètes, traducteurs et

667 3359 2133 111 autres, appelés en justice.................................................................

561 3394 2239 152 3^o Indemnités accordées aux témoins civils et militaires..............................................

561 3485 2234 111 4^o Frais de garde de scellés et ceux de mise en fourrière.............................................

576 3546 2214 116 5^o Indemnités de route, de transport et de séjour, accordées aux membres des tribunaux militaires pour les dépla-

667 3606 2133 122 cements auxquels l'instruction des procédures peut donner lieu, ainsi que toutes autres dépenses nécessitées

667 3667 2128 126 de ce chef..............................................................................

576 3718 2229 136 6^o Port des lettres et paquets pour l'instruction, sauf le port des lettres résultant de l'application de la loi du

647 3793 2148 127 15 juin 1899............................................................................

561 3844 2239 131 7^o Frais l'impression des arrêts, jugements et ordonnances de justice, quand il y a lieu..................

556 3915 2249 121 8^o Prime de capture des contumax, des déserteurs et des insoumis......................................

561 3975 2234 126 9^o Frais résultant de l'obtention des extraits du casier judiciaire.........................................

546 4021 2244 141 10^o Prix du bulletin n^o 1 et du duplicata dudit (décret du 12 décembre 1899, art. 13).....................

540 4101 2260 127 11^o Coût des bulletins n^o 1 et du duplicata de ces bulletins établis par les greffiers des conseils de guerre au sujet

672 4172 2118 116 des condamnations prononcées par ces conseils (décret du 12 décembre 1899, art. 13)....................

540 4223 2427 141 12^o Frais de procédure ou coût du jugement........................................................ 12^f 00

535 4288 2260 117 13^o Amende.........................................................................................

530 4344 2265 126 14^o Décimes additionnels (en France)...............................................................

535 4410 2260 131 15^o Frais fixes de procédure devant la Cour de cassation ou le Conseil de revision...........................

530 4465 2265 167 16^o Frais fixes de procédure devant le Conseil de guerre jugeant en 2^e instance.............................

1349 4586 1456 147 TOTAL..................................................

374 4708 3013 217 Vu le dispositif du jugement définitif, l'article 139 du Code de justice militaire, le Président du   Conseil de guerre

273 4809 2290 171 permanent de la   liquide les frais dont l'état est ci-dessus à la somme de

1445 4920 1952 151 du montant de laquelle il délivre le présent exécutoire, pour le recouvrement de

308 4965 2983 177 ladite somme être poursuivi sur les biens présents et à venir d condamné, par les percepteurs des Contributions directes.

374 5066 3018 147 En conséquence, LE PRÉSIDENT DE LA RÉPUBLIQUE MANDE ET ORDONNE a tous huissiers sur ce requis de mettre ledit jugement à

313 5137 3079 147 exécution; aux Procureurs généraux et aux Procureurs de la République près les tribunaux de première instance d'y tenir la

318 5208 2750 227 main; à tous commandants et officiers de la force publique de prêter main-forte lorsqu'ils en seront légalement requis.

364 5289 1198 161 Fait en la Chambre du Conseil de guerre susdit, à

2184 5324 75 202 , le

358 5582 789 96 (1) En France, en Algérie et en Tunisie

343 5607 642 167 (2) Aux colonies et aux armées.

2285 5385 308 202 Le Président,

2310 5536 925 273 +
