3828 6071
268 177 2425 182 18 Juin 1918, date à laquelle il a été arrêté par la gendarmerie?

491 318 3033 177 2^e Question Le même, en désertant, a-t-il emporté des effets militaire qu'il n'a

232 440 547 207 pu représenter?

344 1330 2952 157 Les voix recueillies séparément, conformément a l'article 131 du Code de justice militaire, en commençant par le grade inférieur

278 1446 1985 122 le Président ayant émis son opinion le dernier, le Conseil de guerre permanent déclare

2293 1391 1276 152 Il a été voté au scrutin secret sur chaque

258 1477 3382 167 question, conformément à l'article 131 du code de Justice militaire, ainsi que sur les circonstances atténuantes

1544 1553 2035 126 Le Président a dépouillé chaque scrutin en présence des Juges du

207 1618 2957 152 conseil de guerre  - De ces Dépouillements successifs, il résulte que le conseil déclare:

582 1841 2294 182 Sur la 1^ere Question à l'unanimité oui

931 2104 172 137 2^e

1802 2109 1069 182 à l'unanimité oui

354 2570 3003 156 Sur quoi, et attendu les conclusions prises par le Commissaire du Gouvernement dans ses réquisitions, le Président a lu le texte

303 2681 208 136 de la loi,

526 2681 2810 126 recueilli de nouveau les voix dans la forme prescrite par les articles 131 et 134 du Code de militaire pour l'appli-

308 2777 400 111 cation de la peine.

729 2742 2901 141 et le conseil de guerre a délibéré sur l'application de la peine, conformément à l'article 134 du code de Justice militaire

344 2838 2516 101 Le Conseil est rentré en séance publique, le Président a lu les motifs que précèdent et le dispositif ci-dessous.

2911 2823 699 106 Le Président a recueilli les

364 2924 734 101 En conséquence, de Conseil (1)

1108 2893 2279 127 voix & commençant par le grade inférieur et a émis son opinion le dernier.

389 2944 3120 152 de conseil est rentré en séance publique, le Président à lu les motifs qui précèdent et dispositif

329 3045 395 116 ci-dessous.

384 3106 3135 162 En conséquence le conseil condamne le soldat Herff sus qualifié, à l'unanimité,

308 3232 3211 193 à la peine de cinq ans de Travaux publics, aux frais envers l'Etat et fixe au

308 3374 3352 192 minimum la durée de la contrainte par corps, le tout par application des articles 231, 232, 234, 139

319 3521 2217 192 du code de Justice militaire et 9 de la loi du 22 Juillet 1867.

496 3667 3139 198 Des articles sus. visés ont été lus publiquement par le President et ceux relatifs à la pénalité

308 3829 664 152 sont ainsi conçus;

455 3966 3135 207 Au. 232 C. J. M. Tout militaire qui déserte à l'intérieur est puni de deux ans à cinq

303 4123 2304 192 ans de travaux publics si la désertion a eu lieu en temp de guerre

379 5580 3028 111 (1) Avoir soin de spécifier, s'il y a lieu, après t'indication de la peine infligée, la décision motivée du Conseil relative à ma non-imputation pour tout ou

334 5620 1342 137 partie de la détention préventive sur la durée de la peine prononcée.
