3824 6087
419 1335 2988 159 Les voix recueillies séparément, conformément à l'article 131 du Code de justice militaire, en commenç̧ant par le grade inférieur

365 1440 2010 122 le Président ayant émis son opinion le dernier, le Conseil de guerre permanent déclare

450 1667 2287 128 sur la 1^ere question: à l'unanimité: non

433 1785 3083 152 sur la 2^e question: cette question n' pas été posée au Conseil

419 2482 474 165 Sur quoi:

446 2576 2976 163 Sur quoi, et attendu les conclusions prises par le Commissaire du Gouvernement dans ses réquisitions, le Président a lu le texte

380 2719 3058 111 de la loi, recueilli de nouveau les voix dans la forme prescrite par les articles 131 et 134 du Code de justice militaire pour l'appli-

389 2776 409 98 cation de la peine.

419 2850 2525 102 Le Conseil est rentré en séance publique, le Président a lu les motifs qui précèdent et le dispositif ci-dessous.

419 2918 2944 135 En conséquence, le Conseil (1) de guerre acquitte le canonnier Gerbier

375 3009 3283 125 susqualifié de l'accusation dirigée contre lui, et le Président ordonne

370 3114 3327 122 qu'il soit mis en liberté s'il n'est retenu pour autre cause, par application

379 3195 3197 142 de l'article 136 du Code de Justice militaire, dont il a donné lecture.

409 5613 3008 112 (1) Avoir soin de spécifier, s'il y a lieu, après t'indication de la peine infligée, la décision motivée du Conseil relative à ma non-imputation pour tout ou

355 5687 1370 88 partie de la détention préventive sur le durée de la peine prononcée.
