3824 6087
294 152 559 208 de guerre?

291 344 3089 149 3^e question - le même, dans les mêmes circonstances de temps et de lieu

284 466 3336 152 est il coupable, d'avoir outragé par paroles, ledit maréchal des logis, Valliers?

284 568 3157 159 4^e question - les outrages ont ils été proférés pendant le service ou à

299 664 1067 167 l'occasion du service?

284 1342 2964 118 Les voix recueillies séparément, conformément à l'article 131 du Code de justice militaire, en commençant par le grade inférieur

226 1437 1993 115 le Président ayant émis son opinion le dernier, le Conseil de guerre permanent déclare

301 1694 2253 142 ser la 1^ere question: à l'unanimité: oui

314 1846 2288 142 sur la 2^e question: à l'unanimité: Oui

307 2008 2264 125 sur la 3^e question: à l'unanimité: Oui

311 2174 2308 132 sus la 4^e Questions: à l'unanimité: Oui

311 2316 3276 155 à la majorité il existe des circonstances atténuantes en faveur de l'inculpé

280 2607 3005 108 Sur quoi, et attendu les conclusions prises par le Commissaire du Gouvernement dans ses réquisitions, le Président a lu le texte

233 2698 3039 102 de la loi, recueilli de nouveau les voix dans la forme prescrite par les articles 131 et 134 du Code de justice militaire pour l'appli-

228 2764 427 117 cation de la peine.

280 2833 2515 112 Le Conseil est rentré en séance publique, le Président a lu les motifs qui précèdent et le dispositif ci-dessous.

284 2925 3272 115 En conséquence, le Conseil (1) à la majorité de trois voix contre deux, condamne

274 3002 3089 122 le canonnier Trélohan, susqualifié à la peine de deux mois

277 3104 3154 98 d'emprisonnement, aux frais envers l'état, fixé au minimum la

280 3172 3296 125 durée de la contrainte par corps; mais attendu que le condamné n'a pas

274 3256 3313 118 subi de condamnations antérieures que ses antécedents justifient une mesure

263 3344 3171 118 d'indulgence, le Conseil déclare à l'unanimité qu'il sera sursis, à

243 3429 3408 131 l'exécution de la peine; le tout par application des articles 218, 224, 135, 139

247 3513 3197 125 du Code de Justice militaire, 1^er loi 19 Juillet 1901, 1^er loi 26 mars 1891,

263 3601 3327 128 1^er de la loi du 28 juin 1904, 1 et 2 de la loi du 27 Avril 1916; lesquels ont été

260 3692 1591 125 lus à l'audience par le Président.

274 3787 2165 128 Ceux relatifs à la pénalité sont ainsi conçus:

274 3895 3116 119 Art 218. C.J.M: Si hors le cas prévu par le paragraphe précédent, la

270 3970 3313 135 désobéissance a eu lieu sur un territoire en état guerre, ou de siège, la peine

280 4074 2295 115 est de cinq ans à dix ans de travaux publics....

301 4156 3265 145 Art. 224 C.J.M. Tout militaire qui, pendant le service à l'occasion du

287 4271 3310 118 service, outrage son supérieur par paroles, gestes ou menaces est puni....

291 4355 3319 125 et de cinq ans à dix ans de travaux publics s'il est sous-officier caporal, brigadier

291 4480 494 105 au soldat..

304 4531 3252 159 Art, a loi 27 Avril 1916..... si la peine est celle des travaux publics, le

307 4653 3060 148 Conseil appliquera un emprisonnement de deux mois à cinq ans.

548 4971 1309 152 9 de la loi du 22 Juillet 1867

1116 5069 623 121 Renvoi approuvé

1187 5143 477 145 le Greffier: +

299 5594 2996 117 (1) Avoir soin de spécifier, s'il y a lieu, après l'indication de la peine infligée, la décision motivée du Conseil relative à la non-imputation pour tout ou

243 5671 1344 101 partie de la détention préventive sur le durée de la peine prononcée.
