3860 6062
490 272 3183 167 Enjoint au Commissaire du Gouvernement de faire donner immédiatement en sa présence lecture du présent jugement au condamné

990 373 2784 117 devant la garde rassemblée sous les armes, et de lui donner l'avertissement prescrit par l'article

434 434 3042 162 de avertir que la loi accorde un délai de trois jours francs pour se pourvoir en cassation (1), ou de vingt-quatre heures

424 540 712 126 pour se pourvoir en revision (2).

1167 520 970 167 3 de la loi du 26 mars 1891

485 671 2571 172 Fait, clos et jugé sans désemparer, en séance publique, àux armées , les jour, mois et an que dessus.

485 803 3006 151 En conséquence, LE PRÉSIDENT DE LA RÉPUBLIQUE MANDE et ORDONNE à tous huissiers sur ce requis de mettre ledit jugement à

419 889 3067 146 exécution; aux Procureurs généraux et aux Procureurs de la République près les tribunaux de première instance d'y tenir la

424 974 2728 142 main; à tous commandants et officiers de la force publique de prêter main-forte lorsqu'ils en seront légalement requis.

495 1070 3284 197 En foi de quoi le présent jugement a été signé par les Membres du Conseil et par le Greffier. approuvant cinq mots rayés nuls

3036.0 1257.0 505.0 329.0 +

1879.0 1247.0 546.0 329.0 +

469.0 1237.0 677.0 465.0 +

2349.0 1303.0 576.0 419.0 +

1071.0 1303.0 646.0 556.0 +

2672.0 1616.0 854.0 192.0 +

479 1869 2916 111 L'an mil neuf cent dix-huit le vingt trois octobre le présent jugement a été lu par nous, Greffier soussigné, au condamné

1535 1919 1946 126 averti par le Commissaire du Gouvernement que l'article 44 de la loi du 17 avril

434 2010 2748 121 1906 accorde trois jours pour se pourvoir en cassation (1), ou que les articles 141 et 143 du Code de justice militaire

424 2076 2925 116 accordent vingt-quatre heures pour se pourvoir en revision (2), lesquels commencent à courir de l'expiration du présent jour.

3369 2071 132 116 Cette

429 2141 3228 167 lecture faite en présence de la garde rassemblée sous les armes. Le condamné a reçu en outre l'avertissement prescrit

419 2227 1162 122 par l'article 3 dela loi du 25 mars 1891.

1096 2303 773 91 Le Commissaire du Gouvernement.

1263.0 2343.0 459.0 263.0 +

2617 2303 257 96 Le Greffier,

2571.0 2328.0 627.0 394.0 +

1631 2743 632 141 EXÉCUTOIRE.

505 2980 2551 242 Vu la procédure instruite contre le nommé Ruminy Gustave

439 3167 884 156 et les frais d'icelle dont le détail suit:

687 3268 2218 136 1^o Coût du transport des pièces et objets pouvant servie à conviction ou à décharge................. ......

687 3364 2223 101 2^o Honoraires des officiers de santé, médecins, chirurgiens civils, sages-femmes, experts, interprètes, traducteurs et

762 3430 2143 91 autres, appelés en justice.................................................................

682 3475 2223 121 3^o Indemnités accordées aux témoins civils et militaires..............................................

682 3556 2223 96 4^o Frais de garde de scellés et ceux de mise en fourrière.............................................

671 3606 2224 96 5^o Indemnités de route, de transport et de séjour, accordées aux membres des tribunaux militaires pour les dépla-

773 3672 2137 111 cements auxquels l'instruction des procédures peut donner lieu, ainsi que toutes autres dépenses nécessitées

767 3733 2138 101 de ce chef..............................................................................

692 3788 2223 121 6^o Port des lettres et paquets pour l'instruction, sauf le port des lettres résultant de l'application de la loi du

778 3859 2137 96 15 juin 1899............................................................................

682 3920 2223 106 7^o Frais l'impression des arrêts, jugements et ordonnances de justice, quand il y a lieu..................

687 3985 2218 106 8^o Prime de capture des contumax, des déserteurs et des insoumis......................................

677 4051 2233 101 9^o Frais résultant de l'obtention des extraits du casier judiciaire.........................................

666 4107 2249 106 10^o Prix du bulletin n^o 1 et du duplicata dudit (décret du 12 décembre 1899, art. 13).....................

671 4172 2244 111 11^o Coût des bulletins n^o 1 et du duplicata de ces bulletins établis par les greffiers des conseils de guerre au sujet

798 4213 2364 121 des condamnations prononcées par ces conseils (décret du 12 décembre 1899, art. 13).................... 0.40

671 4288 2421 117 12^o Frais de procédure ou coût du jugement........................................................ 12^f 00

661 4349 2264 101 13^o Amende.........................................................................................

656 4410 2264 106 14^o Décimes additionnels (en France)...............................................................

666 4480 2254 106 15^o Frais fixes de procédure devant la Cour de cassation ou le Conseil de revision...........................

666 4541 2249 111 16^o Frais fixes de procédure devant le Conseil de guerre jugeant en 2^e instance.............................

1485 4637 1682 172 TOTAL..................................................12.40

510 4809 3016 131 Vu le dispositif du jugement définitif, l'article 139 du Code de justice militaire, le Président du  Conseil de guerre

449 4900 3037 136 permanent du Q. G. de la 10ᵉ Armée liquide les Frais dont l'état est ci dessus à la somme de douze francs quarante

454 4985 3072 107 centimes  du montant de laquelle il délivre le présent exécutoire, pour le recouvrement de

444 5051 2981 126 ladite somme être poursuivi sur les biens présents et à venir du condamné, par les percepteurs des Contributions directes.

500 5127 3031 121 En conséquence, LE PRÉSIDENT DE LA RÉPUBLIQUE MANDE ET ORDONNE a tous huissiers sur ce requis de mettre ledit jugement à

439 5218 3092 101 exécution; aux Procureurs généraux et aux Procureurs de la République près les tribunaux de première instance d'y tenir la

444 5284 2774 106 main; à tous commandants et officiers de la force publique de prêter main-forte lorsqu'ils en seront légalement requis.

505 5354 2698 106 Fait en la Chambre du Conseil de guerre susdit, àux armées, de Vingt-trois octobre 1918

176 5521 960 146 Le Commissaire Rapporteur

348 5678 541 136 +

176 5440 1673 111 Détention préventive du 11 septembre 1918 au 27 octobre 1918

1465 5476 379 136 Le greffier

1439 5571 480 187 +

525 5667 798 66 (1) En France, en Algérie et en Tunisie

530 5703 611 116 (2) Aux colonies et aux armées.

2425 5506 318 101 Le Président,

2480.0 5566.0 905.0 192.0 +
