3828 6071
319 1340 2972 167 Les voix recueillies séparément, conformément à l'article 131 du Code de justice militaire, ou commençant par le grade inférieur

263 1457 1970 131 le Président ayant émis son opinion le dernier, le Conseil de guerre permanent déclare

2253 1472 1058 121 Il a été voté au scrutin secret, conformément

243 1532 2617 132 à l'article 131 du Code de Justice militaire, sur chaque question ainsi que sur l'application des circonstances atténuantes

283 1644 1266 197 successif il résulte que le Conseil déclare:

708 1598 2578 152 Le Président a dépouillé chaque scrutin en présence des Juges du Conseil de guerre. De ces dépouillements

582 1882 2359 212 à la majorité de quatre voix contre une Oui

587 2200 2197 218 a la majorité, il existe des circonstances atténuantes

293 2595 3028 162 Sur quoi, et attendu les conclusions prises par le Commissaire du Gouvernement dans ses réquisitions, le Président a lu le texte

243 2691 232 121 de la loi,

496 2711 2805 122 recueilli de nouveau les voix dans la forme prescrite par les articles 131 et 134 du Code de militaire pour l'appli-

253 2777 425 116 cation de la peine.

698 2787 2492 122 et le Conseil de guerre a délibéré sur l'application de la peine, conformément à l'article 134 du Code de Justice

303 2858 2542 126 Le Conseil est rentré en séance publique, le Président a lu les motifs que précèdent et le dispositif ci-dessous.

2865 2868 264 116 militaire

313 2929 699 116 En conséquence, le Conseil (1)

1022 2934 2243 136 Le Président a recueilli les voix en commençant par le grade inférieur et a émis son opinion le dernier

293 2995 2734 141 Le Conseil est rentré en séance publique, le Président a lu les motifs qui précèdent et le dispositif ci-dessous:

308 3111 3302 187 En conséquence le Conseil condamne le soldat Boussaguet sus. qualifié, à l'unanimité, à la peine

197 3237 3418 233 de Six mois de prison, aux frais envers l'Etat & fixe au minimum la durée de la contrainte par corps

192 3404 3392 213 le tout par application des articles 231, 232, 234, 139 au code de Justice militaire, 1^er des lois de 19 Juillet 1901,

197 3551 1590 223 27 Avril 1916 - 9 de la loi du 22 Juillet 1867.

430 3728 3119 197 Et considérant que l'inculpé n'a pas subi de condamnation antérieure et que ses anté-

202 3900 3317 182 cédents justifient une mesure d'indulgence, le Conseil à l'unanimité, déclare qu'il sera Sursis à

172 4052 3397 177 l'exécution de la peine, conformément aux dispositions des articles 1^er des Lois de 26 mars 1891, 28 juin

207 4234 1180 152 1904 et 2 de celle du 27 avril 1916.

369 4330 3114 197 Ces articles sus. visés ont été lus publiquement par le Président et ceux relatifs à la pénalité

197 4512 678 147 sont ainsi conçus:

349 4639 3149 157 art. 232 C. J. M. Tout militaire qui déserte à l'intérieur est puni de deux ans à cinq

217 4770 2517 198 ans de travaux publics si la désertion a eu lieu sur un territoire en état de guerre

344 4897 3230 222 art, 1^er Loi du 19 Juillet 1901. Si la peine et celle des travaux publics, le conseil de Guerre appliquera

222 5069 1459 187 une peine de deux mois à cinq ans de prison

273 5605 3033 91 (1) Avoir soin de spécifier, s'il y a lieu, après t'indication de la peine infligée, la décision motivée du Conseil relative à ma non-imputation pour tout ou

232 5651 1352 131 partie de la détention préventive sur la durée de la peine prononcée.
