4240 6289
891 241 3023 129 La séance ayant été ouverte, le Président a fait apporter et déposer devant lui, sur le bureau, un exemplaire du Code de justice

828 335 3024 115 militaire, du Code d'instruction criminelle et du Code pénal ordinaire, et ordonné à la garde d'amener l'accusé, qui a

828 412 3076 126 été introduit, libre et sans fers, devant le Conseil, accompagné de son défenseur le Soldats Couturier

831 496 1241 136 au service de l'intendance

887 873 2727 136 Interrogé de ses noms, prénoms, âge, lieu de naissance, état profession et domicile il

943 971 605 108 a répondu se nommer

936 1023 3069 157 Berenger, Ernest, vingt six ans, né le 28 mars 1891 a Nancy, célibataire,

922 1142 2989 164 camionneur, à Nancy, arrondissement dudit (meurthe et moselle)

996 1271 1723 147 soldat à la 34^e batterie du 120e R.A.L.

877 1862 3034 126 Le Président, après avoir fait lire par le greffier l'ordre de convocation, le rapport prescrit par l'article 108 du Code de justice

821 1960 2961 101 militaire, et les pièces dont la lecture lui a paru nécessaire, a fait connaître a accusé les faits à raison desquels il est

824 2043 2615 102 poursuivi, et leu a donné, ainsi qu'au défenseur, l'avertissement indiqué en l'article 121 dudit Code;

880 2110 3038 105 Après quoi, il a procédé à l'interrogatoire de l'accusé et a fait entendre publiquement et séparément les témoins à charge (1)

1380 2197 2538 108 ; lesdits témoins ayant au préalable prêté serment de parler sans haine et sans crainte, jure de dire toute la

824 2257 633 111 vérité et rien que la vérité;

873 2498 3038 143 Et le Président ayant, en outre, rempli à leur égard les formalités prescrites par les articles 317 et 319 du Code d'instruction

824 2602 266 84 criminelle;

880 2657 73 146 (2)

873 3200 3139 161 Ouï M. le Commissaire du Gouvernement en ses réquisitions tendant à ce que (3) Bérenger sus qualifié soit

852 3322 3332 154 declaré coupable des faits relevés contre lui dans l'ordre de mise en jugement

842 3451 3335 119 et qu'il lui soit fait application des articles 224, 271 du Code de justice militaire

856 3525 1195 143 et de la loi du 2 Juillet 1850

810 3762 3108 137 et l'accusé dans ses moyens de défense, tant par lui que par son défenseur, lesquels ont

807 3864 3097 112 déclaré n'avoir rien à ajouter à leurs moyens de défense, et ont eu la parole les derniers, le Président a déclaré les débats terminés,

807 3941 1531 104 et il a ordonné au défenseur et à l'accusé de se retirer.

863 4175 3037 143 L'accusé a été reconduit par l'escorte à la prison; le Commissaire du Gouvernement, le Greffier et les assistants dans

807 4266 1349 101 l'auditoire se sont retirés sur l'invitation du Président (4);

866 4339 3034 133 Le Conseil délibérant à huis clos, le Président a posé les questions, conformément à l'article 132 du Code de justice

807 4412 622 109 militaire, ainsi qu'il suit:

793 4503 3342 161 1^o le soldat Bérenger, Ernest, de la 34^e batterie du 120 Régiment d'Artillerie

786 4608 3268 147 lourde est-il coupables d'avoir le 25 Décembre 1917, à la gare de Fontaniva

769 4723 3212 136 (Italie) exercé publiquement et abusivement des mauvais traitements

780 4811 781 136 sur son cheval?

772 4912 3121 147 2^e la même, dans les mêmes circonstances de temps et de lieu, est il

863 5184 633 77 (1) Et à décharge (s'il y en a).

870 5204 3018 162 (2) Indiquer si des témoins ont été entendus sans prestation de serment, et pour quel motif ; dire que les pièces de conviction, s'il y en a, ont été représentées.

812 5272 3076 152 Indiquer, en outre, ses incidents qui ont pu ce produire, en ayant soin de préciser à quel moment du débat ils ont en lieu, ses conclusions des parties, les

817 5350 3066 137 réquisitions du ministère public, les moyens de défense présentés par l'accusé, et enfin le jugement motivé du Conseil. Dans le cas où le blanc laisse ici ne suf-

817 5419 3066 131 firait pas pour insérer toutes ces mentions, on devra indiquer l'incident et le moment du débat il s'est produit, en ajoutant qu'il y a été statué par jugement

817 5476 3077 142 séparé, lequel est joint et annexé au présent, et alors le jugement séparé doit indiquer la publicité de l'audience, se terminer par la même formule et être signé

812 5539 3082 152 de la même manière que le jugement principal, en mentionnant qu'il y sera annexé comme en taisant partie. En cas de suspension d'audience et de remise au

814 5604 1943 112 lendemain, la mention qui constate cette remise est signée par le Président et le Greffier seulement.

852 5670 2653 122 (3) Indiquer si les réquisitions tendent à la déclaration de culpabilité et, dans ce cas, les articles de loi dont l'application est demandée.

859 5736 2272 123 (4) S'il y a une chambre des délibérations, on mettra que le Tribunal s'est retiré dans la chambre des délibérations.

1052 5855 1510 88 Conseil de guerre. - N^o 967 de la Nomenclature générale. - Formule n^o 16.
