3731 6062
470 222 3164 151 Enjoint au Commissaire du Gouvernement de faire donner immédiatement en sa présence lecture du présent jugement au condamné

970 338 2715 106 devant la garde rassemblée sous les armes, et de lui donner l'avertissement prescrit par l'article

409 404 3043 126 de avertir que la loi accorde un délai de trois jours francs pour se pourvoir en cassation (1), ou de vingt-quatre heures

421 498 733 104 pour se pourvoir en revision (2).

1092 488 1129 106 3 de la loi du 26 mars 1891

460 631 2568 131 Fair, clos et jugé sans désemparer, en séance publique, à un armée, les jour, mois et an que dessus.

455 767 3013 132 En conséquence, LE PRÉSIDENT DE LA RÉPUBLIQUE MANDE et ORDONNE à tous huissiers sur ce requis de mettre ledit jugement à

399 863 3064 117 exécution; aux Procureurs généraux et aux Procureurs de la République près les tribunaux de première instance d'y tenir la

399 949 2750 127 main; à tous commandants et officiers de la force publique de prêter main-forte lorsqu'ils en seront légalement requis.

449 1076 2159 156 En foi de quoi le présent jugement a été signé par les Membres du Conseil et par le Greffier.

2664 1232 465 248 +

318 1202 495 459 +

1491 1247 602 364 +

798.0 1379.0 369.0 303.0 +

1840.0 1566.0 485.0 171.0 +

2639.0 1606.0 783.0 217.0 +

449 1823 2943 101 L'an mil neuf cent dix-huit le seize octobre le présent jugement a été lu par nous, Greffier soussigné, au condamné

1483 1874 1959 131 averti par le Commissaire du Gouvernement que l'article 44 de la loi du 17 avril

358 1982 2846 92 1906 accorde trois jours pour se pourvoir en cassation (1), ou que les articles 141 et 143 du Code de justice militaire

399 2035 2912 122 accordent vingt-quatre heures pour se pourvoir en revision (2), lesquels commencent à courir de l'expiration du présent jour.

3313 2034 161 114 Cette

399 2106 3276 152 lecture faite en présence de la garde rassemblée sous les armes. Le Condamné a reçu l'avertissement prescrit par

350 2158 1489 118 l'article 3 de la loi du 26 mars 1891

1061 2237 764 137 Le Commissaire du Gouvernement.

1112 2308 652 197 +

2583 2247 248 132 Le Greffier,

2553 2349 500 333 +

1587 2712 632 121 EXÉCUTOIRE.

444 2914 2240 278 Vu la procédure instruite contre le nommé Aubel Georges

389 3101 879 121 et les frais d'icelle dont le détail suit:

631 3212 2215 147 1^o Coût du transport des pièces et objets pouvant servie à conviction ou à décharge................. ......

631 3308 2215 122 2^o Honoraires des officiers de santé, médecins, chirurgiens civils, sages-femmes, experts, interprètes, traducteurs et

722 3369 2124 111 autres, appelés en justice.................................................................

637 3414 2209 127 3^o Indemnités accordées aux témoins civils et militaires..............................................

631 3495 2215 111 4^o Frais de garde de scellés et ceux de mise en fourrière.............................................

631 3561 2215 111 5^o Indemnités de route, de transport et de séjour, accordées aux membres des tribunaux militaires pour les dépla-

722 3616 2139 127 cements auxquels l'instruction des procédures peut donner lieu, ainsi que toutes autres dépenses nécessitées

728 3677 2360 131 de ce chef.............................................................................. 50

631 3733 2200 131 6^o Port des lettres et paquets pour l'instruction, sauf le port des lettres résultant de l'application de la loi du

722 3803 2119 122 15 juin 1899............................................................................

621 3869 2220 116 7^o Frais l'impression des arrêts, jugements et ordonnances de justice, quand il y a lieu..................

637 3935 2204 116 8^o Prime de capture des contumax, des déserteurs et des insoumis......................................

621 3985 2452 127 9^o Frais résultant de l'obtention des extraits du casier judiciaire......................................... 0.25

601 4036 2240 136 10^o Prix du bulletin n^o 1 et du duplicata dudit (décret du 12 décembre 1899, art. 13).....................

601 4117 2240 116 11^o Coût des bulletins n^o 1 et du duplicata de ces bulletins établis par les greffiers des conseils de guerre au sujet

738 4177 2325 116 des condamnations prononcées par ces conseils (décret du 12 décembre 1899, art. 13).................... 0.40

606 4233 2417 141 12^o Frais de procédure ou coût du jugement........................................................12^f 00

591 4293 2260 122 13^o Amende.........................................................................................

596 4364 2250 121 14^o Décimes additionnels (en France)...............................................................

606 4425 2245 116 15^o Frais fixes de procédure devant la Cour de cassation ou le Conseil de revision...........................

606 4485 2240 137 16^o Frais fixes de procédure devant le Conseil de guerre jugeant en 2^e instance.............................

1410 4566 1663 212 TOTAL.................................................. 62.65

444 4733 3014 187 Vu le dispositif du jugement définitif, l'article 139 du Code de justice militaire, le Président du Conseil de guerre

369 4839 2932 152 permanent du Q. G. de la 10^e Armée liquide les frais dont l'état est ci-dessus à la somme de soixante deux francs

358 4930 3100 146 soixante cinq centimes du montant de laquelle il délivre le présent exécutoire, pour le recouvrement de

374 4996 2982 146 ladite somme être poursuivi sur les biens présents et à venir du condamné, par les percepteurs des Contributions directes.

419 5081 3033 132 En conséquence, LE PRÉSIDENT DE LA RÉPUBLIQUE MANDE ET ORDONNE a tous huissiers sur ce requis de mettre ledit jugement à

374 5132 3084 177 exécution; aux Procureurs généraux et aux Procureurs de la République près les tribunaux de première instance d'y tenir la

369 5228 2765 141 main; à tous commandants et officiers de la force publique de prêter main-forte lorsqu'ils en seront légalement requis.

449 5294 2503 171 Fait en la Chambre du Conseil de guerre susdit, aux armées , le seize octobre 1918

197 5369 1537 147 Détention préventive subie du 13 au 20 octobre 1918

85 5420 951 177 Le commissaire Rapporteur

323.0 5531.0 678.0 131.0 +

1435.0 5470.0 385.0 167.0 Le greffier

1471.0 5546.0 460.0 243.0 +

455 5607 768 86 (1) En France, en Algérie et en Tunisie

429 5632 642 147 (2) Aux colonies et aux armées.

2350 5476 294 106 Le Président,

2295.0 5511.0 1006.0 369.0 +
