3820 6071
440 1386 2985 207 Les voix recueillies séparément, conformément à l'article 131 du Code de justice militaire, ou commençant par le grade inférieur

372 1504 1976 128 le Président ayant émis son opinion le dernier, le Conseil de guerre permanent déclare

2372 1553 1083 106 Il a été voté au scrutin secret, conformément

379 1578 3314 187 à l'article 131 du Code de Justice militaire, sur chaque question, ainsi que sur l'application des circonstances atténuantes et de la loi de sursis

844 1664 2616 192 Le Président a dépouillé chaque scrutin en présence des Juges de Conseil de guerre. De ces dépouillements

389 1709 1290 178 successifs il résulte que le Conseil déclare:

804 1866 1381 152 à l'unanimité: oui

657 2008 2338 197 à la majorité, il existe des circonstances atténuantes

419 2610 2981 223 Sur quoi, et attendu les conclusions prises par le Commissaire du Gouvernement dans ses réquisitions, le Président a lu le texte

349 2731 242 112 de la loi,

597 2752 2816 162 recueilli de nouveau les voix dans la forme prescrite par les articles 131 et 134 du Code de militaire pour l'appli-

374 2812 413 112 cation de la peine.

779 2828 2610 156 et le Conseil de guerre a délibéré sur l'application de la peine conformément à l'article 134 du Code de Justice

425 2888 2479 157 Le Conseil est rentré en séance publique, le Président a lu les motifs que précèdent et le dispositif ci-dessous.

2954 2939 334 116 militaire.

409.0 2954.0 699.0 132.0 En conséquence, le Conseil (1)

1118 2974 2322 167 Le Président a recueilli les voix en commençant par le grade inférieur et a émis son opinion le dernier

359 3040 2848 167 Le Conseil est rentré en séance publique, le Président a lu les motifs qui précédent et le dispositif ci-dessous:

435 3111 3020 167 En conséquence le conseil condamne le soldat Aubel susqualifié

333 3197 3264 182 à l'unanimité à la peine de quinze jours de prison, aux frais envers l'Etat,

349 3298 3253 127 et fixe au minimum la durée de la contrainte par corps. Est considérant que

359 3374 3243 126 l'inculpé n'a pas subi de condamnation antérieur, que les antécédents Justi-

349 3445 3197 152 fient une mesure d'indulgence, le conseil, à l'unanimité, déclare qu'il sursis

338 3511 3259 161 à l'exécution de la peine, et tant par application des articles 267.139 du code

333 3586 3340 172 de Justice militaire, 320. 463 du code pénal, +  1^er des Lois de 26 mars 1891,

338 3667 3309 172 28 Juin 1904, 2 de celle du 27 avril 1916, et 9 de celle du 22 janvier 1867, dont le

344 3748 1755 122 président a publiquement donné lecture?

622 3829 2408 132 Les textes relatifs à la pénalité sont ainsi conçus:

622 3905 3056 147 Art-320 C. P. « s'il n'est résulté du défaut d'adresse ou de précaution

344 3981 3233 142 « que des blessures ou coups, le coupable sera puni de six jours à deux

303 4067 3102 132 « mois d'emprisonnement et d'une amende de seize francs à cent francs »

632 4148 3041 147 art. 463. C.P..... Dans tous les cas où la peine de l'emprisonnement sont

338 4214 3380 187 « prononcées par le code Pénal, les Tribunaux correctionnels pourront prononcés

323 4310 1979 197 « séparément l'une ou l'autre de ces peines."

354 5656 3005 111 (1) Avoir soin de spécifier, s'il y a lieu, après t'indication de la peine infligée, la décision motivée du Conseil relative à ma non-imputation pour tout ou

298 5696 1341 127 partie de la détention préventive sur la durée de la peine prononcée.
