3690 6071
475 202 3144 217 2^e question Ledit abandon de poste a-t-il eu lieu en présence de l'ennemi?

460 379 3032 177 Question subsidiaire résultant des débats Ledit abandon de poste a-t-il

384 516 1912 197 eu lieu sur un teritoire en état de guerre?

349 1376 2961 192 Les voix recueillies séparément, conformément à l'article 131 du Code de justice militaire, ou commençant par le grade inférieur

288 1487 2000 142 le Président ayant émis son opinion le dernier, le Conseil de guerre permanent déclare

2298 1517 1078 112 Il a été voté au scrutin secret, conformément

232 1563 3275 192 à l'article131 du Code de Justice Militaire, sur chaque question ainsi que sur l'application des circonstances atténuantes et de la loi de sursis

733 1684 2617 162 Le Président a dépouillé chaque scrutin en présence des Juges de Conseil de guerre. De ces dépouillements

288 1730 1245 167 successifs il résulte que le Conseil déclare:

399 1871 2263 157 sur la 1^e question, à l'unanimité: oui

455 2003 2278 157 2^e à l'unanimité: non

389 2129 2293 177 Sur la question subsidiaire à l'unanimité: oui

430 2271 2450 202 À la majorité, il existe des circonstances atténuantes

349 2640 2996 157 Sur quoi, et attendu les conclusions prises par le Commissaire du Gouvernement dans ses réquisitions, le Président a lu le texte

293 2731 203 132 de la loi,

516 2747 2863 131 recueilli de nouveau les voix dans la forme prescrite par les articles 131 et 134 du Code de militaire pour l'appli-

278 2812 420 117 cation de la peine.

708 2823 2485 131 et le Conseil de Guerre a délibéré sur l'application de la peine, conformément à l'article 131 du Code de Justice

349 2888 2495 137 Le Conseil est rentré en séance publique, le Président a lu les motifs que précèdent et le dispositif ci-dessous.

2875 2919 318 121 militaire

349 2969 688 122 En conséquence, le Conseil (1)

1052 2974 2405 127 Le Président a recueilli les voix en commençant par le grade inférieur et a emis son opinion le dernier.

344 3040 2855 142 Le Conseil est rentré en Séance publique, le Président a lu les motifs qui précèdent et le dispositif ci-dessous:

303 3141 3357 162 En conséquence le conseil condamne Ruminy susqualifié, à l'unanimité

278 3232 3315 172 à la peine de dix-huit mois de prison, aux frais envers l'Etat et fixe au mini-

293 3354 3300 157 mum la saisie de la contrainte par corps, le tout par application, et considé-

303 3460 3326 137 rant que l'inculpé n'a pas subi de condamnation antérieure, que ses antécédents

303 3536 3250 142 justifient une mesure d'indulgence, le conseil à l'unanimité déclare qu'il

303 3622 3255 131 sera sursis à l'exécution de la peine, le tout pas application des articles 213,

283 3733 3245 117 139 du code de Justice militaire, 1ᵉʳ des lois des 19 juillet 1901, 27 avril 1916,

278 3799 3356 157 26 mais 1891, 28 Juin 1904, 2 de celle du 27 avril 1916 et 9 de celle du 22 juillet 1867.

278 3920 2040 102 dont le Président a publiquement donné lecture.

597 3991 2318 106 Les textes relatifs à la pénalités sont ainsi conçus:

607 4057 2926 131 Article 213 C J M. « Tout militaire qui abandonne son poste est puni de

258 4172 3407 128 « deux ans à cinq ans de prison, si l'abandon a eu lieu sur un territoire en état de guerre »

647 4229 2987 126 Article 463 C.P. « Si les circonstances paraissent atténuantes, les tribunaux sont

278 4325 3346 132 « autorisés. même en cas de récidive à réduire l'emprisonnement, même au-dessous

283 4429 622 144 « de six jours ...»

313 4715 648 172 +453 du cote pénal

364 4821 617 182 renvoi approuvé %

384 4947 339 147 Le greffier

435.0 4988.0 491.0 329.0 +

313 5640 3007 107 (1) Avoir soin de spécifier, s'il y a lieu, après t'indication de la peine infligée, la décision motivée du Conseil relative à ma non-imputation pour tout ou

258 5696 1336 111 partie de la détention préventive sur la durée de la peine prononcée.
