3824 6087
575 257 548 175 de guerre?

321 1322 2975 138 Les voix recueillies séparément, conformément à l'article 131 du Code de justice militaire, en commençant par le grade inférieur

267 1416 1993 112 le Président ayant émis son opinion le dernier, le Conseil de guerre permanent déclare

436 1643 2311 142 Sur la 1^ere question: à l'unanimité: oui

426 1802 2345 145 sur la 2^e question: à l'unanimité: Oui

267 2113 3181 162 A la majorité il existe des circonstances atténuantes en faveur de l'accusé

328 2586 3005 122 Sur quoi, et attendu les conclusions prises par le Commissaire du Gouvernement dans ses réquisitions, le Président a lu le texte

280 2688 3033 105 de la loi, recueilli de nouveau les voix dans la forme prescrite par les articles 131 et 134 du Code de justice militaire pour l'appli-

277 2759 443 108 cation de la peine.

328 2837 2511 94 Le Conseil est rentré en séance publique, le Président a lu les motifs qui précèdent et le dispositif ci-dessous.

331 2904 3256 136 En conséquence, le Conseil (1) l'unanimité, condamne le conducteur Porte

321 3006 3228 138 susqualifié, à la peine de deux mois d'emprisonnement, aux

304 3111 3300 111 frais envers l'Etat et fixe au minimum la durée de la contrainte par

301 3192 2964 115 corps: mais attendu toutefois que le condamné n'a pas subi de

304 3270 3100 121 condamnation antérieure faisant obstacle à l'application du sursis

301 3361 3330 128 que des antécédents justifient une mesure d'indulgence. Le Conseil déclare

307 3449 3303 108 à l'unanimité qu'il sera sursis à l'exécution de la peine, confor-

284 3533 3357 139 mement le tout à l'application des articles 218, 139 du Code de Justice militaire

304 3631 3262 126 + des lois du 19 juillet 1901, 26 mars 1891, 28 Juin 1904, 1 et 2 de la

307 3723 3337 138 loi du 27 Avril 1916; ^+ lesquels ont été à l'audience par le Président.

324 3824 2214 129 Ceux relatifs à la pénalité tous ainsi conçus:

324 3912 3141 142 Art. 218. C.J.M: Si lors le cas prévu par le paragraphe précédent la

294 4017 3113 128 désobéissance a eu lieu sous un territoire en état de guerre ou de siège,

328 4125 2704 118 la peine est de cinq ans à dix ans de travaux publics...

321 4206 3117 146 Art. 1^e loi 27 Avril 1916... Si la peine est celle du travaux publics le

311 4304 3133 142 Conseil de guerre appliquera un emprisonnement de deux mois

328 4426 558 146 à cinq ans.

1147 4646 1249 218 9 de la loi du 22 Juillet 1867.

1455 4812 758 125 Renvoi approuvé

1529 4896 619 142 le Greffier: +

348 5600 2988 98 (1) Avoir soin de spécifier, s'il y a lieu, après l'indication de la peine infligée, la décision motivée du Conseil relative à le non-imputation pour tout ou

301 5671 1343 101 partie de la détention préventive sur la durée de la peine prononcée.
