3860 6062
474 197 3017 207 La séance ayant été ouverte, le Président a fait apporter et déposer devant lui, sur le bureau, un exemplaire du Code du justice

414 308 3036 182 militaire, du Code d'instruction criminelle et du code pénal ordinaire, et ordonné à la garde d'amener l'accusé, qui a

414 373 3269 187 été introduit, libre et sans fers, devant le Conseil, accompagné de son défenseur d'office le constructeur automobiliste

399 510 1207 171 Tessau du q. g. de la 10^e Armées

485 828 2950 222 Interrogé de ses nom, prénoms, âge, lieu de naissance, état profession et domicile l'accusé

530 914 3097 192 à répondu se nommer Herff Jean, trente quatre ans, né à Paris, marié, journalier,

469 1010 3320 197 domiciliée à Aubervilliers (Seine) actuellement soldat du 177^e Régiment d'Artillerie de

459 1136 667 147 tranchée, 6^e groupe

490 1793 3021 212 Le Président, après avoir fait lire par le greffier de convocation, le rapport prescrit par l'article 108 du Code de justice

439 1899 2905 177 militaire, et les pièces dont la lecture lui a paru nécessaire, a fait connaître a l'accusé les faits à raison desquels il est

439 1995 2597 162 poursuivi, et lui a donné, ainsi qu'au défenseur, l'avertissement indiqué en l'article 121 dudit Code;

485 2091 1288 126 Après quoi, il a procédé à l'interrogatoire de l'accusé

1813 2040 1737 157 et a fait entendre publiquement et séparément les témoins à charge (1)

990 2121 2526 167 ; lesdits témoins ayant au préalable prêté serment de parler sans haine et sans crainte, jure de dire toute la

444 2237 606 167 vérité et rien que la vérité;

505 2429 3011 218 Et le Président ayant, en outre, rempli à leur égard les formalités proscrites par las articles 317 et 319 du Code d'instruction

459 2591 238 126 criminelle;

505 2667 65 121 (2)

505 3091 3036 232 Ouï M. le Commissaire du Gouvernement en ses réquisitions tendant à ce que (3) le susnommé soit déclaré coupable

439 3182 3193 243 des faits relaxés contre lui en l'ordre de mise en Jugements et à ce qu'il lui soit fait

439 3334 2435 192 application des articles 231, 252, 254 du code de justice militaire

449 3702 3092 172 et l'accusé dans ses moyens de défense, tant par lui que par son défenseur, lesquels ont

454 3788 3082 172 déclaré n'avoir rien à ajouter à leurs moyens de défense, et ont eu la parole les derniers, le Président a déclaré les débats terminés,

459 3889 1516 137 et il a ordonné au défenseur et à l'accusé de se retirer.

530 4076 3021 202 L'accusé a été reconduit par l'escorte à la prison; le Commissaire du Gouvernement, le Greffier et les assistants dans

464 4213 1329 146 l'auditoire de sont retirés sur l'invitation du Président (4);

530 4273 3021 147 Le Conseil délibérant à huis clos, le Président a posé la question, conformément à l'article 132 du Code de justice

469 4379 612 137 militaire, ainsi qu'il suit:

429 4430 3254 257 1^e Question Le Soldat Herff Jean, du 177^e Régiment d'artillerie de tranchée, 6e groupe;

389 4571 3415 233 est-il Coupable de désertion à l'intérieur en temps de guerre, pour n'avoir pas rejoint la gare régulatrice

389 4718 3425 227 de Dunkerque, le 13 décembre 1916, à l'expiration d'un congé de sept Jours, délais de route Compris,

399 4859 3324 228 ni dans les cinq Jours qui ont suivi, et d'être resté ainsi absent illégalement jusqu'au

540 5127 627 101 (1) Et à décharge (s'il y en a).

525 5127 3047 167 (2) Indiquer si des témoins ont été entendus sans prestation de serment, et pour quel motif ; dire que les pièces de conviction, s'il y en a, ont été représentées.

485 5223 3076 126 Indiquer, en outre, ses incidents qui ont pu ce produire, en ayant soin de préciser à quel moment du débat ils ont en lieu, ses conclusions des parties, les

495 5278 3077 147 réquisitions du ministère public, les moyens de défense présentés par l'accusé, et enfin le jugement motivé du Conseil. Dans le cas où le blanc laisse ici ne suf-

500 5344 3066 132 firait pas pour insérer toutes ces mentions, on devra indiquer l'incident et le moment du débat il s'est produit, en ajoutant qu'il y a été statué par jugement

490 5410 3076 121 séparé, lequel est joint et annexé au présent, et alors le jugement séparé doit indiquer la publicité de l'audience, se terminer par la même formule et être signé

500 5465 3066 132 de la même manière que le jugement principal, en mentionnant qu'il y sera annexé comme en taisant partie. En cas de suspension d'audience et de remise au

505 5546 1945 127 lendemain, la mention qui constate cette remise est signée par le Président et le Greffier seulement.

550 5582 2653 146 (3) Indiquer si les réquisitions tendent à la déclaration de culpabilité et, dans ce cas, les articles de loi dont l'application est demandée.

560 5662 2274 142 (4) S'il y a une chambre des délibérations, on mettra que le Tribunal s'est retiré dans la chambre des délibérations.

752 5789 1506 111 Conseil de guerre. - N^o 967 de la Nomenclature générale. - Formule n^o 16.
