4329 6289
1086 244 3159 119 Enjoint au Commissaire du Gouvernement de faire donner immédiatement en sa présence lecture du présent jugement aux sus

1097 331 1474 116 nommées, devant la garde rassemblée sous les armes,

1048 398 3036 112 le avertir que la loi accorde un délai de trois jours francs pour se pourvoir en cassation (1), ou de vingt-quatre heures

1030 485 741 122 pour se pourvoir en revision (2).

1083 611 2571 150 Fait, clos et jugé sans désemparer, en séance publique, à u S.P 77, les jour, mois et an que dessus.

1090 789 2997 98 En conséquence, LE PRÉSIDENT DE LA REPUBLIQUE MANDE et ORDONNE à tous huissiers sur ce requis de mettre ledit jugement à

1034 869 3046 91 exécution; aux Procureurs généraux et aux Procureurs de la République près les tribunaux de première instance d'y tenir la

1034 946 2721 91 main; à tous commandants et officiers de la force publique de prêter main-forte lorsqu'ils en seront légalement requis.

1100 1065 2128 108 En foi de quoi le présent jugement a été signé par les Membres du Conseil et par le Greffier.

3065 1341 357 231 +

3652 1294 462 304 +

859 1189 645 456 +

1514 1205 750 566 +

2096 1425 309 278 +

3946 1488 341 283 +

1093 1816 3176 112 L'an mil neuf cent dix huit, le sept février présent jugement a été lu par nous, Greffier soussigné, à ux susnommés de

1041 1886 678 105 Combe et Huet

2138 1890 1960 122 averti par le Commissaire du Gouvernement que l'article 44 de la loi du 17 avril

1044 1974 2757 90 1906 accorde trois jours pour se pourvoir en cassation (1), ou que les articles 141 et 148 du Code de justice militaire

1021 2033 2909 105 accordent vingt-quatre heures pour se pourvoir en revision (2), lesquels commencent à courir de l'expiration du présent jour.

3951 2007 105 194 Cette

1030 2117 2977 115 lecture faite en présence de la garde rassemblée sous les armes, approuvé quinze mots rayés nuls

1722 2225 730 122 Le Commissaire du Gouvernement,

1776 2305 598 226 +

3203 2229 228 293 Le Greffier

3223 2232 403 288 +

2227 2699 634 188 EXÉCUTOIRE.

1086 3015 807 132 Vu la procédure instruite contre le

1027 3127 894 104 et les frais d'icelle dont le détail suit:

1271 3221 2194 133 1^o Coût du transport des pièces et objets pouvant servie à conviction ou à décharge................. ......

1264 3322 2208 98 2^o Honoraires des officiers de santé, médecins, chirurgiens civils, sages-femmes, experts, interprètes, traducteurs et

1369 3389 2100 76 autres, appelés en justice.................................................................

1271 3437 2198 105 3^o Indemnités accordées aux témoins civils et militaires..............................................

1282 3514 2190 81 4^o Frais de garde de scellés et ceux de mise en fourrière.............................................

1271 3556 2191 91 5^o Indemnités de route, de transport et de séjour, accordées aux membres des tribunaux militaires pour les dépla-

1369 3633 2100 94 cements auxquels l'instruction des procédures peut donner lieu, ainsi que toutes autres dépenses nécessitées

1362 3696 2107 84 de ce chef..............................................................................

1275 3748 2197 98 6^o Port des lettres et paquets pour l'instruction, sauf le port des lettres résultant de l'application de la loi du

1373 3818 2099 77 15 juin 1899............................................................................

1275 3871 2184 101 7^o Frais l'impression des arrêts, jugements et ordonnances de justice, quand il y a lieu..................

1278 3937 2191 94 8^o Prime de capture des contumax, des déserteurs et des insoumis......................................

1271 4007 2188 87 9^o Frais résultant de l'obtention des extraits du casier judiciaire.........................................

1250 4066 2219 91 10^o Prix du bulletin n^o 1 et du duplicata dudit (décret du 12 décembre 1899, art. 13).....................

1261 4126 2204 91 11^o Coût des bulletins n^o 1 et du duplicata de ces bulletins établis par les greffiers des conseils de guerre au sujet

1394 4189 2068 91 des condamnations prononcées par ces conseils (décret du 12 décembre 1899, art. 13)....................

1257 4252 2373 97 12^o Frais de procédure ou coût du jugement........................................................ 12^f 00

1254 4307 2205 102 13^o Amende.........................................................................................

1257 4367 2205 98 14^o Décimes additionnels (en France)...............................................................

1247 4440 2212 88 15^o Frais fixes de procédure devant la Cour de cassation ou le Conseil de revision...........................

1247 4493 2218 111 16^o Frais fixes de procédure devant le Conseil de guerre jugeant en 2^e instance.............................

2050 4597 1436 112 TOTAL..................................................

1079 4769 2994 139 Vu le dispositif du jugement définitif, l'article 139 du Code de justice militaire, le Président du Conseil de guerre

1034 4877 2232 101 permanent de la liquide les frais dont l'état est ci-dessus à la somme de

2155 4943 1915 98 du montant de laquelle il délivre le présent exécutoire, pour le recouvrement de

1023 5006 2960 112 ladite somme être poursuivi sur les biens présents et à venir d condamné, par les percepteurs des Contributions directes.

1079 5083 2980 115 En conséquence, LE PRÉSIDENT DE LA RÉPUBLIQUE MANDE ET ORDONNE à tous huissiers sur ce requis de mettre ledit jugement à

1030 5167 3033 101 exécution; aux Procureurs généraux et aux Procureurs de la République près les tribunaux de première instance d'y tenir la

1034 5244 2742 122 main; à tous commandants et officiers de la force publique de prêter main-forte lorsqu'ils en seront légalement requis.

1083 5317 1181 91 Fait en la Chambre du Conseil de guerre susdit, à

2896 5324 70 108 , le

1079 5604 811 105 (1) En France, en Algérie et en Tunisie.

1083 5663 629 87 (2) Aux colonies et aux armées.

2980 5446 300 144 Le Président,
