3699 6071
359 1376 2960 197 Les voix recueillies séparément, conformément à l'article 131 du Code de justice militaire, ou commençant par le grade inférieur

298 1482 1984 141 le Président ayant émis son opinion le dernier, le Conseil de guerre permanent déclare

2282 1527 1113 127 Il a été voté au scrutin secret, conformément

288 1563 2869 157 à l'article 131 du Code de Justice militaire, sur chaque question, ainsi que sur l'application des circonstances atténuantes.

743 1644 2687 192 Le Président a dépouille chaque scrutin en présence des Juges du Conseil de guerre. De ces dépouillements

323 1709 1296 173 successifs il résulte que le Conseil déclare:

339 2635 3000 188 Sur quoi, et attendu les conclusions prises par le Commissaire du Gouvernement dans ses réquisitions, le Président a lu le texte

283 2721 197 122 de la loi

506 2742 2813 136 recueilli de nouveau les voix dans la forme prescrite par les articles 131 et 134 du Code de militaire pour l'appli-

278 2812 3071 167 cation de la peine et le Conseil de guerre a délibéré sur l'application de la peine, conformément à l'article 134 du Code de Justice

349 2883 2464 147 Le Conseil est rentré en séance publique, le Président a lu les motifs que précèdent et le dispositif ci-dessous.

2864 2929 323 131 militaire.

344 2959 708 122 En conséquence, le Conseil (1)

1067 2969 2373 172 Le Président a recueilli les voix en commençant par le grade inférieur, et a émis son opinion le dernier:

344 3040 2798 182 Le Conseil est rentré en séance publique, le Président a lu les motifs qui précèdent et le dispositif ci-dessous:

318 3141 3289 192 Attendu que Thuillier inculpé de viol d'une fillette agée de moins de 15 ans, a été conformément à sa demande et

172 3253 1644 136 à celle de son défenseur, soumis à un examen mental.

344 3339 3228 172 Attendu que l'expert désigné, M. le Médecin major de 2 classe Grenier de Cardenal, du centre neuro-psychiatrique de

166 3445 3264 177 la 19 Armée, n'a pas répondu à la question posée, à savoir si l'inculpé était responsable de ses actes et en cas

156 3556 957 152 d'affirmative dans quelle mesure.

354 3642 3253 197 Attendu que faisant état des déclarations de l'inculpé, soit sur lui même soit sur ses antécédent, l'expert a spécifié

172 3764 3385 182 dans son rapport, qu'on ne pouvait pas affirmer que Thuillier n'ait pas commis son crime an cours d'un accès

156 3870 2328 136 confusionnel, ajoutant que dans ce dernier cas, son irresponsabilité serait complète.

344 3961 3238 187 Attendu que dans ces conditions, la question reste entière et que le conseil de Guerre se heurte à une impossibilité radicale

151 4037 2758 207 aussi bien pour prononcer un jugement d'acquittement que jour rendre un jugement de condamnation.

344 4143 3304 218 Attendu que sans préjuger du fond, il importe d'obtenir sur le point de la responsabilité ou de la non responsabilité de Thuillier,

151 4264 3477 203 une réponse formelle et précise et que ce résultat ne peut être acquis qu'au moyen d'une nouvelle expertise mentale effectuée par trois experts,

369 4371 3163 197 Attendu qu'il n'y a pas lieu d'accueillir les conclusions de Thuillier sur le donné acte des motifs qui l'ont déterminé à

116 4487 804 121 demandé une expertise mentale.

364 4558 3127 217 Attendu que ces conclusions sont aujourd'hui prématurées qu'il appartiendra à son défenseur de s'appliquer sur ce

126 4664 1766 142 point lorsque le conseil de Guerre examinera le fond de l'affaire

328 4760 3148 177 Par ces Motifs, le Conseil après en avoir délibéré conformément à la loi, jugeant avant faire droit, ordonne que le

136 4856 3426 162 Soldat Thuillier sera soumis à l'examen de M. M. les Docteurs Boiteux, médecin chef, Denay médecin adjoint, de la maison

126 4932 3421 172 de Santé de Clermont à Fabignon, médecin aide major de 1 classe en résidence à Clermont, les quels après serment prêté devant

121 5023 3431 152 M. le Juge d'instruction de Clermont (oise), auront à dire dans un rapport circonstancié, si l'inculpé Thuillier est responsable de

121 5119 3497 147 ses actes et dans quelle mesure, et s'il pouvait être considéré, selon les termes de l'article 64 code Pénal en état de démence,

136 5190 2166 152 au moment ou il a commis le crime qui lui est actuellement reproché.

460 5291 3041 203 Enjoint au Commissaire du Gouvernement de faire les diligences pour l'exécution du présent

166 5377 365 208 Jugement.

293 5646 3016 106 (1) Avoir soin de spécifier, s'il y a lieu, après t'indication de la peine infligée, la décision motivée du Conseil relative à ma non-imputation pour tout ou

237 5686 1341 126 partie de la détention préventive sur la durée de la peine prononcée.
