4240 6289
929 234 3311 132 Enjoint au Commissaire du Gouvernement de faire donner immédiatement en sa présence lecture du présent jugement au susnomm

1433 335 1010 94 devant la garde rassemblée sous les armes,

894 405 3080 108 de avertir que la loi accorde un délai de trois jours francs pour se pourvoir en cassation (1), ou de vingt-quatre heures

884 496 748 90 pour se pourvoir en revision (2).

926 621 2611 137 Fait, clos et jugé sans désemparer, en séance publique, à u S.P77, les jour, mois et an que dessus.

929 786 3034 104 En conséquence, LE PRÉSIDENT DE LA RÉPUBLIQUE MANDE et ORDONNE à tous huissiers sur ce requis de mettre ledit jugement à

866 880 3101 94 exécution; aux Procureurs généraux et aux Procureurs de la République près les tribunaux de première instance d'y tenir la

870 953 2765 91 main; à tous commandants et officiers de la force publique de prêter main-forte lorsqu'ils en seront légalement requis.

943 1086 2153 105 En foi de quoi le présent jugement a été signé par les Membres du Conseil et par le Greffier.

885 1184 582 372 +

3495 1273 540 294 +

1430 1221 603 435 +

2583 1289 582 382 +

1996 1378 367 325 +

3956 1488 278 283 +

922 1830 3192 123 L'an mil neuf cent dix-huit le sept février le présent jugement a été lu par nous, Greffier soussigné, a Gerbier, sus-

927 1912 378 110 qualifié

1986 1907 2007 115 averti par le Commissaire du Gouvernement que l'article 44 de la loi du 17 avril

877 2008 2810 77 1906 accorde trois jours pour se pourvoir en cassation (1), ou que les articles 141 et 143 du Code de justice militaire

870 2059 2950 136 accordent vingt-quatre heures pour se pourvoir en revision (2), lesquels commencent à courir de l'expiration du présent jour.

3836 2033 120 173 Cette

866 2134 1479 126 lecture faite en présence de la garde rassemblée sous les armes.

1579 2253 741 136 Le Commissaire du Gouvernement

1608 2337 572 204 +

3092 2258 246 147 Le Greffier,

3202 2253 424 383 +

2096 2740 639 168 EXÉCUTOIRE.

912 3071 839 115 Vu la procédure instruite contre le

870 3172 905 101 et les frais d'icelle dont le détail suit:

1118 3277 2241 115 1^o Coût du transport des pièces et objets pouvant servie à conviction ou à décharge................. ......

1115 3371 2247 98 2^o Honoraires des officiers de santé, médecins, chirurgiens civils, sages-femmes, experts, interprètes, traducteurs et

1223 3430 2132 91 autres, appelés en justice.................................................................

1122 3500 2230 88 3^o Indemnités accordées aux témoins civils et militaires..............................................

1118 3560 2241 84 4^o Frais de garde de scellés et ceux de mise en fourrière.............................................

1132 3616 2262 84 5^o Indemnités de route, de transport et de séjour, accordées aux membres des tribunaux militaires pour les dépla-

1209 3686 2153 83 cements auxquels l'instruction des procédures peut donner lieu, ainsi que toutes autres dépenses nécessitées

1216 3741 2143 91 de ce chef..............................................................................

1122 3811 2244 91 6^o Port des lettres et paquets pour l'instruction, sauf le port des lettres résultant de l'application de la loi du

1223 3874 2132 84 15 juin 1899............................................................................

1115 3934 2237 90 7^o Frais l'impression des arrêts, jugements et ordonnances de justice, quand il y a lieu..................

1118 4003 2230 84 8^o Prime de capture des contumax, des déserteurs et des insoumis......................................

1118 4059 2234 88 9^o Frais résultant de l'obtention des extraits du casier judiciaire.........................................

1111 4126 2241 87 10^o Prix du bulletin n^o 1 et du duplicata dudit (décret du 12 décembre 1899, art. 13).....................

1094 4185 2261 84 11^o Coût des bulletins n^o 1 et du duplicata de ces bulletins établis par les greffiers des conseils de guerre au sujet

1251 4241 2097 94 des condamnations prononcées par ces conseils (décret du 12 décembre 1899, art. 13)....................

1094 4311 2436 105 12^o Frais de procédure ou coût du jugement........................................................ 12^f 00

1097 4384 2258 84 13^o Amende.........................................................................................

1097 4437 2255 91 14^o Décimes additionnels (en France)...............................................................

1104 4500 2248 87 15^o Frais fixes de procédure devant la Cour de cassation ou le Conseil de revision...........................

1094 4559 2254 101 16^o Frais fixes de procédure devant le Conseil de guerre jugeant en 2^e instance.............................

1908 4678 1458 115 TOTAL..................................................

926 4811 3037 150 Vu le dispositif du jugement définitif, l'article 139 du Code de justice militaire, le Président du conseil de guerre

877 4936 2275 109 permanent de la liquide les frais dont l'état est ci-dessus à la somme de

2006 5020 1954 109 du montant de laquelle il délivre le présent exécutoire, pour le recouvrement de

866 5087 3017 94 ladite somme être poursuivi sur les biens présents et à venir d condamné, par les percepteurs des Contributions directes.

926 5170 3037 102 En conséquence, LE PRÉSIDENT DE LA RÉPUBLIQUE MANDE ET ORDONNE à tous huissiers sur ce requis de mettre ledit jugement à

870 5251 3097 108 exécution; aux Procureurs généraux et aux Procureurs de la République près les tribunaux de première instance d'y tenir la

873 5310 2786 112 main; à tous commandants et officiers de la force publique de prêter main-forte lorsqu'ils en seront légalement requis.

926 5394 1199 91 Fait en la Chambre du Conseil de guerre susdit, à

2762 5382 89 120 , le

926 5688 821 80 (1) En France, en Algérie et en Tunisie.

929 5743 622 95 (2) Aux colonies et aux armées.

2859 5516 314 130 Le Président,
