3860 6062
540 227 3244 141 Enjoint au Commissaire du Gouvernement de faire donner immédiatement en sa présence lecture du présent jugement au condamné

1045 328 1001 106 devant la garde rassemblée sous les armes,

495 368 3071 162 de avertir que la loi accorde un délai de trois jours francs pour se pourvoir en cassation (1), ou de vingt-quatre heures

495 474 737 127 pour se pourvoir en revision (2).

540 621 2597 131 Fait, clos et jugé sans désemparer, en séance publique, àux armées, les jour, mois et an que dessus.

550 767 3011 132 En conséquence, LE PRÉSIDENT DE LA RÉPUBLIQUE MANDE et ORDONNE à tous huissiers sur ce requis de mettre ledit jugement à

490 858 3076 116 exécution; aux Procureurs généraux et aux Procureurs de la République près les tribunaux de première instance d'y tenir la

490 929 2743 121 main; à tous commandants et officiers de la force publique de prêter main-forte lorsqu'ils en seront légalement requis.

540 1060 2152 137 En foi de quoi le présent jugement a été signé par les Membres du Conseil et par le Greffier.

2940.0 1166.0 642.0 162.0 +

1975 1227 485 298 +

505.0 1166.0 768.0 551.0 +

1172.0 1182.0 717.0 495.0 +

2440 1288 490 399 +

2970.0 1485.0 788.0 379.0 +

530 1818 2951 106 L'an mil neuf cent dix-huit, le vingt-trois Octobre le présent jugement à été lu par nous, Greffier soussigné, au condamné

1591 1874 1955 116 averti par le Commissaire du Gouvernement que l'article 44 de la loi du 17 avril

495 1939 2743 127 1906 accorde trois jours pour se pourvoir en cassation (1), ou que les articles 141 et 143 du Code de justice militaire

490 2020 2915 126 accordent vingt-quatre heures pour se pourvoir en revision (2), lesquels commencent à courir de l'expiration du présent jour.

3430 2010 126 157 Cette

479 2091 1456 126 lecture faite en présence de la garde rassemblée sous les armes.

1156 2212 779 131 Le Commissaire du Gouvernement,

1444.0 2293.0 304.0 202.0 +

2652 2222 278 127 Le Greffier,

2642 2278 586 369 +

1682 2682 642 141 EXÉCUTOIRE.

535 2859 1976 328 Vu la procédure instruite contre le soldat Herff Jean

474 3101 905 116 et les frais ficelle dont le détail suit:

722 3202 2218 152 1^o Coût du transport des pièces et objets pouvant servie à conviction ou à décharge................. ......

722 3293 2223 126 2^o Honoraires des officiers de santé, médecins, chirurgiens civils, sages-femmes, experts, interprètes, traducteurs et

808 3359 2132 116 autres, appelés en justice.................................................................

717 3414 2218 117 3^o Indemnités accordées aux témoins civils et militaires..............................................

707 3475 2238 121 4^o Frais de garde de scellés et ceux de mise en fourrière.............................................

712 3546 2223 111 5^o Indemnités de route, de transport et de séjour, accordées aux membres des tribunaux militaires pour les dépla-

813 3611 2132 101 cements auxquels l'instruction des procédures peut donner lieu, ainsi que toutes autres dépenses nécessitées

803 3657 2142 126 de ce chef..............................................................................

712 3712 2233 142 6^o Port des lettres et paquets pour l'instruction, sauf le port des lettres résultant de l'application de la loi du

813 3793 2127 122 15 juin 1899............................................................................

712 3844 2223 126 7^o Frais l'impression des arrêts, jugements et ordonnances de justice, quand il y a lieu..................

712 3915 2364 111 8^o Prime de capture des contumax, des déserteurs et des insoumis...................................... 25

712 3975 2512 113 9^o Frais résultant de l'obtention des extraits du casier judiciaire......................................... 0.25

692 4031 2511 131 10^o Prix du bulletin n^o 1 et du duplicata dudit (décret du 12 décembre 1899, art. 13)..................... 0.55

682 4101 2273 127 11^o Coût des bulletins n^o 1 et du duplicata de ces bulletins établis par les greffiers des conseils de guerre au sujet

833 4162 2102 126 des condamnations prononcées par ces conseils (décret du 12 décembre 1899, art. 13)....................

682 4208 2430 151 12^o Frais de procédure ou coût du jugement........................................................ 12^f 00

682 4288 2253 127 13^o Amende.........................................................................................

682 4349 2258 131 14^o Décimes additionnels (en France)...............................................................

677 4405 2273 116 15^o Frais fixes de procédure devant la Cour de cassation ou le Conseil de revision...........................

692 4470 2248 137 16^o Frais fixes de procédure devant le Conseil de guerre jugeant en 2^e instance.............................

1500 4571 1682 187 TOTAL.................................................. 37.80

535 4713 3011 192 Vu le dispositif du jugement définitif, l'article 139 du Code de justice militaire, le Président du  Conseil de guerre

464 4834 3001 141 permanent du Q. G. de la 10^e armée liquide les frais dont l'état est ci-dessus à la somme de trente sept francs

469 4920 3077 146 quatre vingt centimes du montant de laquelle il délivre le présent exécutoire, pour le recouvrement de

464 4985 2981 157 ladite somme être poursuivi sur les biens présents et à venir du condamné, par les percepteurs des Contributions directes.

525 5056 3011 157 En conséquence, LE PRÉSIDENT DE LA RÉPUBLIQUE MANDE ET ORDONNE a tous huissiers sur ce requis de mettre ledit jugement à

454 5117 3082 167 exécution; aux Procureurs généraux et aux Procureurs de la République près les tribunaux de première instance d'y tenir la

459 5208 2774 156 main; à tous commandants et officiers de la force publique de prêter main-forte lorsqu'ils en seront légalement requis.

525 5278 1566 127 Fait en la Chambre du Conseil de guerre susdit, aux armées

2344 5314 753 141 , le 23 Octobre 1918

298 5349 2106 132 Exécution suspendue le 25 Octobre 1918 par le Général Cᵗ la 10ᵉ Armée

298 5415 1763 126 Détention préventive subie du 18 Juin 1918 au 27 octobre 1918.

303 5501 975 121 Le Commissaire Rapporteur

570 5622 586 152 +

1591 5501 328 136 Le greffier

1636 5571 420 203 +

525 5617 616 146 (2) Aux colonies et aux armées.

540 5597 748 81 (1) En France, en Algérie et en Tunisie

2445 5410 298 207 Le Président,

2500.0 5526.0 794.0 207.0 +
