4240 6289
723 214 3034 194 La séance ayant été ouverte, le Président a fait apporter et déposer devant lui, sur le bureau, un exemplaire du Code de justice

670 335 3003 157 militaire, du Code d'instruction criminelle et du Code pénal ordinaire, et ordonné à la garde d'amener l'accusé, qui a

671 412 3236 157 été introduit, libre et sans fers, devant le Conseil, accompagné de son défenseur le conducteur Tesson

678 520 1520 157 du service automobile du Q.G.

741 880 2579 150 Interrogé de ses noms, prénoms, âge, lieu de naissance, état profession et domicile

912 1023 486 105 répondu se nommer

880 1013 2982 188 Porte, Pierre, Trente deux ans, né à Bordeaux, le 4 Juin 1885,

866 1114 3178 189 marié sans enfants, boiseur en ciment armé, à Colombes (arrt.

854 1236 1085 179 de Saint-Denis (Seine).

1104 1303 2873 199 Conducteur à la section postale n^o 10 - 20^e escadron du train.

748 1876 3027 139 Le Président, après avoir fait lire par le greffier l'ordre de convocation, le rapport prescrit par l'article 108 du Code de justice

699 1970 2964 126 militaire, et les pièces dont la lecture lui a paru nécessaire, a fait connaître a accusé les faits à raison desquels il est

699 2040 2604 140 poursuivi, et lui a donné, ainsi qu'au défenseur, l'avertissement indiqué en l'article 121 dudit Code;

755 2120 3034 137 Après quoi, il a procédé à l'interrogatoire de l'accusé et a fait entendre publiquement et séparément les témoins à charge (1)

699 2291 636 116 vérité et rien que la vérité;

1265 2204 2527 119 , lesdits témoins ayant au préalable prêté serment de parler sans haine et sans crainte, juré de dire toute la

755 2526 3044 143 Et le Président ayant, en outre, rempli à leur égard les formalités prescrites par les articles 317 et 319 du Code d'instruction

702 2644 276 98 criminelle;

770 2709 58 136 (2)

765 3210 3034 154 Ouï M. le Commissaire du Gouvernement en ses réquisitions tendant à ce que (3) Porte, susqualifié, soit

744 3326 3426 153 déclaré coupable des faits relevés coutre lui dans l'ordre de mise en jugement

751 3427 3377 157 et qu'il lui soit fait application de l'article 218 du Code de Justice militaire

709 3783 3111 137 et l'accusé dans ses moyens de défense, tant par lui que par son défenseur, lesquels ont

709 3878 3104 132 déclaré n'avoir rien à ajouter à leurs moyens de défense, et ont eu la parole les derniers, le Président a déclaré les débats terminés,

713 3969 1527 118 et il a ordonné au défenseur et a l'accusé de se retirer.

775 4199 3038 143 L'accusé a été reconduit par l'escorte à la prison; le Commissaire du Gouvernement, le Greffier et les assistants dans

720 4311 1324 101 l'auditoire se sont retirés sur l'invitation du Président (4);

775 4363 3045 130 Le Conseil délibérant à huis clos, le Président a posé les questions, conformément à l'article 132 du Code de justice

727 4461 622 102 militaire, ainsi qu'il suit:

755 4542 3222 146 1^er question: le conducteur Porte, Pierre, au 20^e Escadron du Train des

737 4660 3335 123 équipages militaires, est-il coupable d'avoir, à Bussoleno, Italie, le 19 No-

734 4748 3425 146 vembre 1917, refusé d'obéir à un ordre relatif au service à lui donné par son

744 4863 3436 147 chef le lieutenant Pinos, qui lui ordonnait de retourner à son cantonnement

758 4985 1300 116 avec sa voiture automobile?

782 5076 3370 154 2^e Question: ce refus d'obéissance a-t-il eu lieu sur un territoire en état

793 5226 612 84 (1) Et à décharge (s'il y en a).

796 5235 3019 142 (2) Indiquer si des témoins ont été entendus sans prestation de serment, et pour quel motif ; dire que les pièces de conviction, s'il y en a, ont été représentées.

749 5324 3066 110 Indiquer, en outre, ses incidents qui ont pu ce produire, en ayant soin de préciser à quel moment du débat ils ont en lieu, ses conclusions des parties, les

749 5398 3055 99 réquisitions du ministère public, les moyens de défense présentés par l'accusé, et enfin le jugement motivé du Conseil. Dans le cas où le blanc laisse ici ne suf-

744 5455 3081 105 firait pas pour insérer toutes ces mentions, on devra indiquer l'incident et le moment du débat il s'est produit, en ajoutant qu'il y a été statué par jugement

744 5523 3081 105 séparé, lequel est joint et annexé au présent, et alors le jugement séparé doit indiquer la publicité de l'audience, se terminer par la même formule et être signé

744 5581 3081 115 de la même manière que le jugement principal, en mentionnant qu'il y sera annexé comme en taisant partie. En cas de suspension d'audience et de remise au

744 5656 1951 84 lendemain, la mention qui constate cette remise est signée par le Président et le Greffier seulement.

786 5691 2667 131 (3) Indiquer si les réquisitions tendent à la déclaration de culpabilité et, dans ce cas, les articles de loi dont l'application est demandée.

782 5778 2283 95 (4) S'il y a une chambre des délibérations, on mettra que le Tribunal s'est retiré dans la chambre des délibérations.

982 5897 1524 91 Conseil de guerre. - N^o 967 de la Nomenclature générale. - Formule n^o 16.
