4240 6289
885 241 2951 136 Enjoint au Commissaire du Gouvernement de faire donner immédiatement en sa présence lecture du présent jugement à ce

864 309 3339 141 Condamné devant la garde rassemblée sous les armes, et que l'avertissement prescrit par l'article 3

838 422 3083 95 de avertir que la loi accorde un délai de trois jours francs pour se pourvoir en cassation (1), ou de vingt-quatre heures

824 492 748 122 pour se pourvoir en revision (2).

1576 492 2282 119 de la loi de 26 Mas 1891 soit donné au condamné.

884 635 2604 133 Fait, clos et jugé sans désemparer, en séance publique, a u S.P77, les jour, mois et an que dessus.

891 793 3034 108 En conséquence, LE PRÉSIDENT DE LA RÉPUBLIQUE MANDE et ORDONNE à tous huissiers sur ce requis de mettre ledit jugement à

835 880 3083 105 exécution; aux Procureurs généraux et aux Procureurs de la République près les tribunaux de première instance d'y tenir la

835 967 2758 102 main; a tous commandants et officiers de la force publique de prêter main-forte lorsqu'ils en seront légalement requis.

901 1083 2147 136 En foi de quoi le présent jugement a été signé par les Membres du Conseil et par le Greffier.

3280 1263 582 288 +

634 1263 581 398 +

2484 1268 540 377 +

1194 1268 645 477 +

1839 1352 409 366 +

3841 1404 320 294 +

898 1844 3279 123 L'an mil neuf cent dix huit le sept février le présent jugement a été lu par nous, Greffier soussigné, au m Bérenger sus-

885 1923 393 131 qualifié

1960 1923 1960 115 averti par le Commissaire du Gouvernement que l'article 44 de la loi du 17 avril

831 2012 2786 91 1906 accorde trois jours pour se pourvoir en cassation (1), ou que les articles 141 et 143 du Code de justice militaire

843 2070 2941 115 accordent vingt-quatre heures pour se pourvoir en revision (2), lesquels commencent à courir de l'expiration du présent jour.

3804 2049 105 141 Cette

822 2138 3391 141 lecture faite en présence de la garde rassemblée sous les armes. l'avertissement présent par l'article 3 de la loi

887 2239 1929 101 du 26 mars 1891 a été donné au condamné

1514 2295 781 77 Le Commissaire du Gouvernement;

1462 2347 739 200 +

3045 2295 262 100 Le Greffier,

3113 2295 393 299 +

2038 2746 655 162 EXÉCUTOIRE.

884 3050 1891 146 Vu la procédure instruite contre le m^e Bérenger, Ernest

831 3175 895 116 et les frais d'icelle dont le détail suit:

1083 3298 2227 105 1^o Coût du transport des pièces et objets pouvant servie à conviction ou à décharge................. ......

1080 3375 2240 97 2^o Honoraires des officiers de santé, médecins, chirurgiens civils, sages-femmes, experts, interprètes, traducteurs et

1174 3444 2139 88 autres, appelés en justice.................................................................

1083 3504 2227 87 3^o Indemnités accordées aux témoins civils et militaires..............................................

1083 3567 2234 87 4^o Frais de garde de scellés et ceux de mise en fourrière.............................................

1083 3630 2220 90 5^o Indemnités de route, de transport et de séjour, accordées aux membres des tribunaux militaires pour les dépla-

1174 3703 2143 87 cements auxquels l'instruction des procédures peut donner lieu, ainsi que toutes autres dépenses nécessitées

1174 3766 2143 80 de ce chef..............................................................................

1083 3818 2237 91 6^o Port des lettres et paquets pour l'instruction, sauf le port des lettres résultant de l'application de la loi du

1188 3888 2122 88 15 juin 1899............................................................................

1083 3955 2227 87 7^o Frais l'impression des arrêts, jugements et ordonnances de justice, quand il y a lieu..................

1083 4007 2220 91 8^o Prime de capture des contumax, des déserteurs et des insoumis......................................

1074 4045 2495 126 9^o Frais résultant de l'obtention des extraits du casier judiciaire......................................... 0,25

1066 4140 2488 94 10^o Prix du bulletin n^o 1 et du duplicata dudit (décret du 12 décembre 1899, art. 13)..................... 0,40

1059 4196 2258 91 11^o Coût des bulletins n^o 1 et du duplicata de ces bulletins établis par les greffiers des conseils de guerre au sujet

1205 4255 2101 94 des condamnations prononcées par ces conseils (décret du 12 décembre 1899, art. 13)....................

1055 4332 2447 77 12^o Frais de procédure ou coût du jugement........................................................ 12^f 00

1066 4391 2244 81 13^o Amende.........................................................................................

1055 4454 2251 84 14^o Décimes additionnels (en France)...............................................................

1062 4514 2244 87 15^o Frais fixes de procédure devant la Cour de cassation ou le Conseil de revision...........................

1055 4573 2251 105 16^o Frais fixes de procédure devant le Conseil de guerre jugeant en 2^e instance.............................

1873 4667 1639 172 TOTAL.................................................. 12, 65

887 4846 3031 136 Vu le dispositif du jugement définitif, l'article 139 du Code de justice militaire, le Président du Conseil de guerre

842 4947 3342 115 permanent de la Q. G., liquide les frais dont l'état est ci-dessus à la somme de douze francs soixante

915 5024 3031 115 Cinq centimes du montant de laquelle il délivre le présent exécutoire, pour le recouvrement de

838 5097 2989 101 ladite somme être poursuivi sur les biens présents et a venir du condamné, par les percepteurs des Contributions directes.

887 5174 3045 98 En conséquence, LE PRÉSIDENT DE LA RÉPUBLIQUE MANDE ET ORDONNE à tous huissiers sur ce requis de mettre ledit jugement à

828 5261 3090 91 exécution; aux Procureurs généraux et aux Procureurs de la République près les tribunaux de première instance d'y tenir la

831 5321 2772 108 main; à tous commandants et officiers de la forcs publique de prêter main-forte lorsqu'ils en seront légalement requis.

887 5398 2828 129 Fait en la Chambre du Conseil de guerre susdit, à u S.P 77 , le sept février 1918.

1275 5513 1385 108 Jugement exécutoire du 7 février 1918

1252 5571 1420 125 Détention préventive au 27 Décembre 1917

884 5716 839 62 (1) En France, en Algerie et en Tunisie.

891 5757 633 98 (2) Aux colonies et aux armées.

1807 5681 520 146 Le greffier: +

2803 5569 342 73 Le Président,

3023 5674 598 143 +
