4240 6289
856 255 3034 143 La séance ayant été ouverte, le Président a fait apporter et déposer devant lui, sur le bureau, un exemplaire du Code de justice

807 335 2987 152 militaire, du Code d'instruction criminelle et du code pénal ordinaire, et ordonné à la garde d'amener l'accusé, qui a

800 412 3216 147 été introduit, libre et sans fers, devant le Conseil, accompagné de son défenseur le conducteur Tesson

828 513 1433 157 du service automobile du Q.G.

870 859 2578 189 Interrogé de ses noms, prénoms, âge, lieu de naissance, état profession et domicile

1062 1016 476 88 répondu se nommer

1052 1027 3034 209 Gerbier, Paul, Régis, vingt ans, né le 7 mars 1897 à Espaly,

985 1163 2982 189 (arrondissement du Puy) Haute-Loire, célibataire, employé de

964 1324 1535 157 commerce, au Puy, (Haute Loire),

1041 1425 2545 185 du 1^er Régiment d'Artillerie de montagne, 7 batterie

870 1879 3044 136 Le Président, après avoir fait lire par le greffier l'ordre de convocation, le rapport prescrit par l'article 108 du Code de justice

817 1967 2898 132 militaire, et les pièces dont la lecture lui a paru nécessaire, a fait connaître a accusé les faits à raison desquels il est

817 2057 2622 116 poursuivi, et lui a donné, ainsi qu'au défenseur, l'avertissement indiqué en l'article 121 dudit Code;

873 2120 3038 126 Après quoi, il a procédé à l'interrogatoire de l'accusé et a fait entendre publiquement et séparément les témoins à charge (1)

1380 2204 2534 108 ; lesdits témoins ayant au préalable prêté serment de parler sans haine et sans crainte, juré de dire toute la

824 2291 640 116 vérité et rien que la vérité;

880 2522 3038 150 Et le Président ayant, en outre, rempli à leur égard les formalités prescrites par les articles 317 et 319 du Code d'instruction

831 2644 266 77 criminelle;

885 2699 68 125 (2)

884 3217 3209 140 Ouï M. le Commissaire du Gouvernement en ses réquisitions tendant à ce que (2) Gerbier susqualifié soit

894 3333 3199 125 déclaré coupable du fait relevé contre lui dans l'ordre de mise en

915 3424 3202 153 jugement et qu'il lui soit fait applications de l'article 213 du Code

880 3528 1014 123 de Justice militaire

824 3787 3115 129 et l'accusé dans les moyens de défense, tant par lui que par son défenseur, lesquels ont

824 3888 3108 112 déclaré n'avoir rien à ajouter à leurs moyens de défense, et ont en la parole les derniers, le Président a déclaré les débats terminés,

824 3962 1538 101 et il a ordonné au défenseur et a l'accusé de se retirer.

894 4199 3034 126 L'accusé a été reconduit par l'escorte à la prison; le Commissaire du Gouvernement, le Greffier et les assistants dans

828 4300 1342 105 l'auditoire se sont retirés sur l'invitation du Président (4);

891 4381 3041 108 Le Conseil délibérant à huis clos, le Président a posé les questions, conformément à l'article 132 du Code de justice

835 4458 612 94 militaire, ainsi qu'il suit:

884 4524 3310 150 1^er question: le canonnier Gerbier, Paul, Régis, du 1^er Régiment d'Artillerie

856 4639 3369 144 de montagne, est il coupable d'avoir à Travattere (Italie), le 30 novembre 1917

849 4753 2194 131 abandonné son poste, étant de garde d'écurie?

873 4842 3258 136 2^e question: Cet abandon de poste a t-il eu lieu sur un territoire en

870 4975 775 126 état de guerre?

898 5219 619 81 (1) Et à décharge (s'il y en a).

901 5225 3029 146 (2) Indiquer si des témoins ont été entendus sans prestation de serment, et pour quel motif ; dire que les pièces de conviction, s'il y en a, ont été représentées.

849 5314 3076 110 Indiquer, en outre, ses incidents qui ont pu ce produire, en ayant soin de préciser à quel moment du débat ils ont en lieu, ses conclusions des parties, les

849 5398 3071 89 réquisitions du ministère public, les moyens de défense présentés par l'accusé, et enfin le jugement motivé du Conseil. Dans le cas où le blanc laisse ici ne suf-

859 5445 3066 110 firait pas pour insérer toutes ces mentions, on devra indiquer l'incident et le moment du débat il s'est produit, en ajoutant qu'il y a été statué par jugement

854 5508 3082 110 séparé, lequel est joint et annexé au présent, et alors le jugement séparé doit indiquer la publicité de l'audience, se terminer par la même formule et être signé

859 5576 3082 120 de la même manière que le jugement principal, en mentionnant qu'il y sera annexé comme en taisant partie. En cas de suspension d'audience et de remise au

849 5633 1965 105 lendemain, la mention qui constate cette remise est signée par le Président et le Greffier seulement.

896 5686 2673 120 (3) Indiquer si les réquisitions tendent à la déclaration de culpabilité et, dans ce cas, les articles de loi dont l'application est demandée.

891 5782 2279 84 (4) S'il y a une chambre des délibérations, on mettra que le Tribunal s'est retiré dans la chambre des délibérations.

1104 5883 1510 88 Conseil de guerre. - N^o 967 de la Nomenclature générale. - Formule n^o 16.
