4240 6289
734 251 3310 175 Enjoint au Commissaire du Gouvernement de faire donner immédiatement en sa présence lecture du présent jugement a u condam-

765 382 125 110 né.

1170 328 2874 154 devant la garde rassemblée sous les armes, et que l'avertissement prescrit par l'article 5 de la

695 429 3066 147 de avertir que la loi accorde un délai de trois jours francs pour se pourvoir en cassation (1), ou de vingt-quatre heures

670 529 760 136 pour se pourvoir en revision (2).

1527 506 1489 119 loi du 26 Mars 1891 lui soit donné.

730 646 2632 164 Fait, clos et jugé sans désemparer, en séance publique, à c SP 77-, les jour, mois et an que dessus.

734 807 3052 143 En conséquence, LE PRÉSIDENT DE LA RÉPUBLIQUE MANDE et ORDONNE à tous huissiers sur ce requis de mettre ledit jugement à

681 876 3090 158 exécution; aux Procureurs généraux et aux Procureurs de la République près les tribunaux de première instance d'y tenir la

685 978 2758 126 main; à tous commandants et officiers de la force publique de prêter main-forte lorsqu'ils en seront légalement requis.

751 1107 2157 140 En foi de quoi le présent jugement a été signé par les Membres du Conseil et par le Greffier.

3233 1247 524 283 +

545 1336 534 330 +

2227 1299 571 430 +

995 1325 619 462 +

1567 1451 356 309 +

3600 1525 304 262 +

755 1858 3303 140 L'an mil neuf cent dix huit le sept février le présent jugement a été lu par nous, Greffier soussigné, a Pork susqualifié

1817 1939 1979 118 averti par le Commissaire du Gouvernement que l'article 44 de la loi du 27 avril

720 2022 2768 133 1906 accorde trois jours pour se pourvoir en cassation (1), ou que les articles 141 et 143 du Code de justice militaire

697 2091 2950 136 accordent vingt-quatre heures pour ce pourvoir en revision (2), lesquels commencent à courir de l'expiration du présent jour.

3663 2049 126 141 Cette

699 2169 3348 140 lecture faite en présence de la garde rassemblée sous les armes. l'avertissement prescrit par l'article 3 de la loi de

728 2253 1635 110 26 mars 1891 a été donné au condamné.

1383 2316 797 126 Le Commissaire du Gouvernement,

1457 2374 560 209 +

2914 2305 267 99 Le Greffier,

3008 2305 361 257 +

1933 2777 635 147 EXÉCUTOIRE.

782 3053 1769 199 Vu la procédure instruite contre le m^e Porte, Pierre

723 3224 898 105 et les frais d'icelle dont le détail suit:

975 3315 2223 133 1^o Coût du transport des pièces et objets pouvant servie à conviction ou à décharge................. ......

964 3399 2241 101 2^o Honoraires des officiers de santé, médecins, chirurgiens civils, sages-femmes, experts, interprètes, traducteurs et

1073 3469 2125 101 autres, appelés en justice.................................................................

971 3535 2234 105 3^o Indemnités accordées aux témoins civils et militaires..............................................

978 3591 2227 109 4^o Frais de garde de scellés et ceux de mise en fourrière.............................................

971 3644 2230 118 5^o Indemnités de route, de transport et de séjour, accordées aux membres des tribunaux militaires pour les dépla-

1073 3717 2139 112 cements auxquels l'instruction des procédures peut donner lieu, ainsi que toutes autres dépenses nécessitées

1080 3776 2135 109 de ce chef..............................................................................

978 3836 2237 108 6^o Port des lettres et paquets pour l'instruction, sauf le port des lettres résultant de l'application de la loi du

1076 3916 2139 94 15 juin 1899............................................................................

978 3969 2230 115 7^o Frais l'impression des arrêts, jugements et ordonnances de justice, quand il y a lieu..................

978 4038 2234 95 8^o Prime de capture des contumax, des déserteurs et des insoumis......................................

974 4056 2479 157 9^o Frais résultant de l'obtention des extraits du casier judiciaire......................................... 0,25

971 4164 2244 102 10^o Prix du bulletin n^o 1 et du duplicata dudit (décret du 12 décembre 1899, art. 13).....................

964 4220 2251 108 11^o Coût des bulletins n^o 1 et du duplicata de ces bulletins établis par les greffiers des conseils de guerre au sujet

1111 4266 2335 118 des condamnations prononcées par ces conseils (décret du 12 décembre 1899, art. 13).................... 0,40

968 4342 2436 116 12^o Frais de procédure ou coût du jugement........................................................ 12^f 00

975 4409 2244 108 13^o Amende.........................................................................................

968 4468 2254 115 14^o Décimes additionnels (en France)...............................................................

971 4538 2248 105 15^o Frais fixes de procédure devant la Cour de cassation ou le Conseil de revision...........................

971 4608 2251 94 16^o Frais fixes de procédure devant le Conseil de guerre jugeant en 2^e instance.............................

1787 4659 1687 204 TOTAL.................................................. 12,65

803 4877 3028 143 Vu le dispositif du jugement définitif, l'article 139 du Code de justice militaire, le Président du Conseil de guerre

765 4950 3268 154 permanent de la Q, G liquide les frais dont l'état est ci-dessus à la somme de douze francs soixante

821 5038 3031 129 cinq centimes du montant de laquelle il délivre le présent exécutoire, pour le recouvrement de

755 5115 2999 136 ladite somme être poursuivi sur les biens présents et à venir du condamné, par les percepteurs des Contributions directes.

810 5191 3048 126 En conséquence, LE PRÉSIDENT DE LA RÉPUBLIQUE MANDE ET ORDONNE à tous huissiers sur ce requis de mettre ledit jugement à

755 5265 3097 140 exécution; aux Procureurs généraux et aux Procureurs de la République près les tribunaux de première instance d'y tenir la

758 5356 2775 122 main; à tous commandants et officiers de la force publique de prêter main-forte lorsqu'ils en seront légalement requis.

817 5429 2524 133 Fait en la Chambre du Conseil de guerre susdit, à u S.P77, le sept février.

1263 5550 1378 120 Jugement exécutoire du 7 février 1918

1328 5632 388 129 Détention

1787 5607 922 157 preventive du 25 Janvier 1918

1894 5722 273 144 le Geffier

2175 5722 246 189 +

824 5740 811 91 (1) En France, en Algérie et en Tunisie.

2756 5534 336 136 Le Président,

831 5796 616 101 (2) Aux colonies et aux armées.

2939 5698 528 126 +
