3860 6062
520 217 3006 141 La séance ayant été ouverte, le Président a fait apporter et déposer devant lui, sur le bureau, un exemplaire du Code du justice

449 323 2986 126 militaire, du Code d'instruction criminelle et du code pénal ordinaire, et ordonné à la garde d'amener l'accusé, qui a

449 388 3229 127 été introduit, libre et sans fers, devant le Conseil, accompagné de son défenseur le conducteur Tesson, du Service

449 474 1789 167 automobile du Q. G. de l'armée désigné d'office

485 813 2596 161 Interrogé de ses nom, prénoms, âge, lieu de naissance, état profession et domicile

414 934 3334 131 il a répondu se nommer Boussaguet François Jean Baptiste, 43 ans, né à Ledergues (aveyron)

409 1005 3238 166 marie, 3 enfants, cultivateur, domicilié à Ledergues, actuellement sapeur au 3ᵉ Régiment du

434 1101 520 187 génie, C^ie C/3

479 1803 3037 146 Le Président, après avoir fait lire par le greffier de convocation, le rapport prescrit par l'article 108 du Code de justice

434 1919 2895 101 militaire, et les pièces dont la lecture lui a paru nécessaire, a fait connaître a l'accusé les faits à raison desquels il est

444 1985 2602 121 poursuivi, et lui a donné, ainsi qu'au défenseur, l'avertissement indiqué en l'article 121 dudit Code;

515 2056 1238 121 Après quoi, il a procédé à l'interrogatoire de l'accusé

1818 2066 1708 106 et a fait entendre publiquement et séparément les témoins à charge (1)

990 2141 2511 142 ; lesdits témoins ayant au préalable prêté serment de parler sans haine et sans crainte, jure de dire toute

434 2207 632 131 vérité et rien que la vérité;

474 2424 3032 197 Et le Président ayant, en outre, rempli à leur égard les formalités proscrites par las articles 317 et 319 du Code d'instruction

419 2530 288 127 criminelle;

495 2621 70 162 (2)

474 3106 3239 167 Ouï M. le Commissaire du Gouvernement en ses réquisitions tendant à ce que (3)  le sus nommé soit déclaré coupable

313 3222 3284 162 des faits relevés contre lui dans l'ordre de mise en jugement et qu'il lui soit

318 3318 2728 192 fait application des articles 231, 232, 234 du Code de Justice militaire

414 3672 3092 147 et l'accusé dans ses moyens de défense, tant par lui que par son défenseur, lesquels ont

404 3778 3097 137 déclaré n'avoir rien à ajouter à leurs moyens de défense, et ont eu la parole les derniers, le Président a déclaré les débats terminés,

414 3869 1531 136 et il a ordonné au défenseur et à l'accusé de se retirer.

479 4096 3027 132 L'accusé a été reconduit par l'escorte à la prison; le Commissaire du Gouvernement, le Greffier et les assistants dans

424 4182 1324 127 l'auditoire se sont retirés sur l'invitation du Président (4);

464 4268 3042 132 Le Conseil délibérant à huis clos, le Président a posé la question, conformément à l'article 132 du Code de justice

424 4334 611 116 militaire, ainsi qu'il suit:

540 4430 3173 197 Le soldat Boussaguet François Jean Baptiste, du 3^e Régiment du génie, C^ie C/3, est-il

409 4581 3253 177 coupable de désertion à l'intérieur en temps de guerre, pour s'être absenté sans autorisation de

409 4708 3284 192 son corps à Ambleny (aisne), du 18 septembre 1918, date de l'absence constatée, au 22 septembre

419 4824 2491 222 1918, date de son arrestation par la Gendarmerie, à Réquista (aveyron)

459 5112 637 60 (1) Et à décharge (s'il y en a).

474 5112 3017 146 (2) Indiquer si des témoins ont été entendus sans prestation de serment, et pour quel motif ; dire que les pièces de conviction, s'il y en a, ont été représentées.

424 5198 3067 126 Indiquer, en outre, ses incidents qui ont pu ce produire, en ayant soin de préciser à quel moment du débat ils ont en lieu, ses conclusions des parties, les

419 5268 3067 117 réquisitions du ministère public, les moyens de défense présentés par l'accusé, et enfin le jugement motivé du Conseil. Dans le cas où le blanc laisse ici ne suf-

409 5319 3087 126 firait pas pour insérer toutes ces mentions, on devra indiquer l'incident et le moment du débat il s'est produit, en ajoutant qu'il y a été statué par jugement

419 5395 3072 116 séparé, lequel est joint et annexé au présent, et alors le jugement séparé doit indiquer la publicité de l'audience, se terminer par la même formule et être signé

404 5450 3092 121 de la même manière que le jugement principal, en mentionnant qu'il y sera annexé comme en taisant partie. En cas de suspension d'audience et de remise au

414 5516 1950 106 lendemain, la mention qui constate cette remise est signée par le Président et le Greffier seulement.

469 5582 2658 116 (3) Indiquer si les réquisitions tendent à la déclaration de culpabilité et, dans ce cas, les articles de loi dont l'application est demandée.

464 5637 2269 126 (4) S'il y a une chambre des délibérations, on mettra que le Tribunal s'est retiré dans la chambre des délibérations.

656 5769 1521 80 Conseil de guerre. - N^o 967 de la Nomenclature générale. - Formule n^o 16.
