<?xml version='1.0' encoding='UTF-8'?>
<alto xmlns:xsi="http://www.w3.org/2001/XMLSchema-instance" xmlns="http://www.loc.gov/standards/alto/ns-v4#" xsi:schemaLocation="http://www.loc.gov/standards/alto/ns-v4# http://www.loc.gov/standards/alto/v4/alto-4-2.xsd">
  <Description>
    <MeasurementUnit>pixel</MeasurementUnit>
    <sourceImageInformation>
      <fileName>11_J_186(2)_0036.jpg</fileName>
      
    </sourceImageInformation>
  </Description>
  
  <Tags>
    <OtherTag ID="BT16575" LABEL="MarginTextZone" DESCRIPTION="block type MarginTextZone"/><OtherTag ID="BT16576" LABEL="DamageZone" DESCRIPTION="block type DamageZone"/><OtherTag ID="BT16577" LABEL="DigitizationArtefactZone" DESCRIPTION="block type DigitizationArtefactZone"/><OtherTag ID="BT16578" LABEL="DropCapitalZone" DESCRIPTION="block type DropCapitalZone"/><OtherTag ID="BT16579" LABEL="GraphicZone" DESCRIPTION="block type GraphicZone"/><OtherTag ID="BT16580" LABEL="MusicZone" DESCRIPTION="block type MusicZone"/><OtherTag ID="BT16581" LABEL="NumberingZone" DESCRIPTION="block type NumberingZone"/><OtherTag ID="BT16582" LABEL="QuireMarksZone" DESCRIPTION="block type QuireMarksZone"/><OtherTag ID="BT16583" LABEL="RunningTitleZone" DESCRIPTION="block type RunningTitleZone"/><OtherTag ID="BT16584" LABEL="SealZone" DESCRIPTION="block type SealZone"/><OtherTag ID="BT16585" LABEL="StampZone" DESCRIPTION="block type StampZone"/><OtherTag ID="BT16586" LABEL="TableZone" DESCRIPTION="block type TableZone"/><OtherTag ID="BT16587" LABEL="TitlePageZone" DESCRIPTION="block type TitlePageZone"/><OtherTag ID="BT19261" LABEL="MainZone" DESCRIPTION="block type MainZone"/><OtherTag ID="BT21623" LABEL="MainZone-judgementNumber" DESCRIPTION="block type MainZone-judgementNumber"/><OtherTag ID="BT21624" LABEL="MainZone-judgementPlace" DESCRIPTION="block type MainZone-judgementPlace"/><OtherTag ID="BT21625" LABEL="MainZone-orderNumber" DESCRIPTION="block type MainZone-orderNumber"/><OtherTag ID="BT21626" LABEL="MainZone-crimeDate" DESCRIPTION="block type MainZone-crimeDate"/><OtherTag ID="BT21627" LABEL="MarginTextZone-note" DESCRIPTION="block type MarginTextZone-note"/><OtherTag ID="BT21628" LABEL="QuireMarksZone-signature" DESCRIPTION="block type QuireMarksZone-signature"/><OtherTag ID="BT21629" LABEL="CustomZone-signature" DESCRIPTION="block type CustomZone-signature"/><OtherTag ID="BT21630" LABEL="MarginTextZone-addition" DESCRIPTION="block type MarginTextZone-addition"/>
    <OtherTag ID="LT6926" LABEL="DefaultLine" DESCRIPTION="line type DefaultLine"/><OtherTag ID="LT6927" LABEL="HeadingLine" DESCRIPTION="line type HeadingLine"/><OtherTag ID="LT6928" LABEL="InterlinearLine" DESCRIPTION="line type InterlinearLine"/><OtherTag ID="LT8439" LABEL="CustomLine:scratched" DESCRIPTION="line type CustomLine:scratched"/><OtherTag ID="LT8440" LABEL="CustomLine:signature" DESCRIPTION="line type CustomLine:signature"/><OtherTag ID="LT8441" LABEL="CustomLine:margin" DESCRIPTION="line type CustomLine:margin"/><OtherTag ID="LT8442" LABEL="default" DESCRIPTION="line type default"/>
  </Tags>
  
  <Layout>
    <Page WIDTH="4240" HEIGHT="6289" PHYSICAL_IMG_NR="186" ID="eSc_dummypage_">
      <PrintSpace HPOS="0" VPOS="0" WIDTH="4240" HEIGHT="6289">
        
        <TextBlock HPOS="687.0" VPOS="166.0" WIDTH="3549.0" HEIGHT="985.0" ID="textblock_00001" TAGREFS="BT19261">
          <Shape><Polygon POINTS="687 166 4236 166 4236 1151 687 1151 687 166"/></Shape>
          
          
          <TextLine ID="textline_00001" TAGREFS="LT6926" BASELINE="901 276 4203 304" HPOS="890" VPOS="167" WIDTH="3308" HEIGHT="163">
            <Shape><Polygon POINTS="1362 167 1357 167 896 188 896 272 890 314 4187 330 4198 303 4187 204 2028 204 1918 193 1703 172 1698 172 1509 193 1446 199 1430 193 1367 167 1362 167"/></Shape>
	    <String CONTENT="Enjoint au Commissaire du Gouvernement de faire donner immédiatement en sa présence lecture du présent jugement a u condamne" HPOS="890" VPOS="167" WIDTH="3308" HEIGHT="163"/>
          </TextLine>

          
          
          <TextLine ID="textline_00002" TAGREFS="LT6926" BASELINE="1405 366 4194 368" HPOS="1399" VPOS="277" WIDTH="2793" HEIGHT="137">
            <Shape><Polygon POINTS="4177 303 4124 303 4072 303 4019 303 3967 303 3915 303 3862 303 3810 303 3757 303 3705 303 3653 303 3600 298 3548 298 3495 298 3443 298 3390 298 3338 298 3286 298 3233 298 3181 298 3128 298 3076 293 3024 293 2971 293 2919 293 2866 293 2814 293 2762 293 2709 293 2657 293 2604 293 2552 293 2499 288 2447 288 2395 288 2342 288 2290 288 2237 288 2185 288 2133 288 2080 288 2028 288 1975 283 1923 283 1871 283 1818 283 1766 283 1713 283 1661 283 1608 283 1556 283 1504 283 1451 283 1404 277 1404 361 1399 393 4182 414 4192 366 4187 303 4177 303"/></Shape>
	    <String CONTENT="devant la garde rassemblée sous les armes, et que l'avertissement prescrit par l'article 3" HPOS="1399" VPOS="277" WIDTH="2793" HEIGHT="137"/>
          </TextLine>

          
          
          <TextLine ID="textline_00003" TAGREFS="LT8439" BASELINE="835 436 3914 443" HPOS="828" VPOS="351" WIDTH="3081" HEIGHT="131">
            <Shape><Polygon POINTS="3134 366 3081 366 3029 366 2976 366 2924 366 2872 366 2819 366 2767 366 2714 366 2662 366 2610 366 2557 366 2505 366 2452 366 2400 366 2347 366 2295 366 2243 366 2190 366 2138 366 2085 366 2033 366 1981 366 1928 366 1876 366 1823 366 1771 366 1719 366 1666 366 1614 366 1561 366 1509 366 1457 366 1404 366 1394 351 833 351 833 434 828 466 3118 476 3134 476 3186 476 3238 476 3291 476 3343 476 3396 476 3448 476 3501 476 3553 476 3605 476 3658 476 3710 476 3763 476 3815 476 3867 476 3867 476 3899 482 3909 440 3904 372 3134 366 3134 366"/></Shape>
	    <String CONTENT="de avertir que la loi accorde un délai de trois jours francs pour se pourvoir en cassation (1), ou de vingt-quatre heure" HPOS="828" VPOS="351" WIDTH="3081" HEIGHT="131" WC="0.9781999732057254"/>
          </TextLine>

          
          
          <TextLine ID="textline_00004" TAGREFS="LT8439" BASELINE="817 510 1611 506" HPOS="814" VPOS="443" WIDTH="797" HEIGHT="91">
            <Shape><Polygon POINTS="817 510 817 534 1611 534 1611 506 1604 450 814 443 817 510"/></Shape>
	    <String CONTENT="pour se pourvoir en revision (2)." HPOS="814" VPOS="443" WIDTH="797" HEIGHT="91" WC="0.9686741232872009"/>
          </TextLine>

          
          
          <TextLine ID="textline_00005" TAGREFS="LT6926" BASELINE="1628 503 3879 485" HPOS="1625" VPOS="443" WIDTH="2254" HEIGHT="95">
            <Shape><Polygon POINTS="1628 503 1628 538 3145 513 3331 527 3366 527 3369 527 3373 527 3380 527 3429 510 3876 520 3879 485 3869 443 1625 450 1628 503"/></Shape>
	    <String CONTENT="de la loi du 26 mars 1891 tort donne au condamné." HPOS="1625" VPOS="443" WIDTH="2254" HEIGHT="95"/>
          </TextLine>

          
          
          <TextLine ID="textline_00006" TAGREFS="LT6926" BASELINE="884 670 3488 684" HPOS="880" VPOS="590" WIDTH="2608" HEIGHT="119">
            <Shape><Polygon POINTS="884 670 880 702 3481 709 3488 684 3484 628 3016 600 3013 600 2681 621 2674 621 2670 621 2639 597 2635 597 2632 597 2628 597 2261 621 2219 621 2209 621 2118 593 2114 593 2111 593 1953 618 1950 618 1943 618 1831 597 1828 597 1824 597 1768 618 1761 618 1747 618 1625 600 1621 600 1548 618 1538 618 1531 614 1471 590 1468 590 1464 590 1461 590 1401 611 1212 590 1209 590 1205 590 1129 614 1122 614 884 614 884 670"/></Shape>
	    <String CONTENT="Fait, clos et jugé sans désemparer, en séance publique, à u S.P 77, les jour, mois et an que dessus." HPOS="880" VPOS="590" WIDTH="2608" HEIGHT="119"/>
          </TextLine>

          
          
          <TextLine ID="textline_00007" TAGREFS="LT6926" BASELINE="884 821 3921 831" HPOS="880" VPOS="751" WIDTH="3041" HEIGHT="101">
            <Shape><Polygon POINTS="884 821 880 842 3914 852 3921 831 3914 758 3824 775 3212 758 3152 758 3149 758 3124 758 2911 775 2873 758 2862 754 2859 754 2855 754 2792 758 2639 772 2362 761 2216 754 2212 754 2209 754 2205 754 2198 761 2181 775 1939 775 1905 761 1877 751 1873 751 1870 751 1740 761 1649 768 1562 761 1436 751 1433 751 884 761 884 821"/></Shape>
	    <String CONTENT="En conséquence, LE PRÉSIDENT DE LA REPUBLIQUE MANDE et ORDONNE a tous huissiers sur ce requis de mettre ledit jugement à" HPOS="880" VPOS="751" WIDTH="3041" HEIGHT="101"/>
          </TextLine>

          
          
          <TextLine ID="textline_00008" TAGREFS="LT6926" BASELINE="828 890 3914 908" HPOS="824" VPOS="842" WIDTH="3090" HEIGHT="104">
            <Shape><Polygon POINTS="828 890 824 915 3907 946 3914 908 3914 859 828 842 828 890"/></Shape>
	    <String CONTENT="exécution; aux Procureurs généraux et aux Procureurs de la République près les tribunaux de première instance d'y tenir la" HPOS="824" VPOS="842" WIDTH="3090" HEIGHT="104" WC="0.9796109458462137"/>
          </TextLine>

          
          
          <TextLine ID="textline_00009" TAGREFS="LT6926" BASELINE="831 971 3582 985" HPOS="828" VPOS="915" WIDTH="2754" HEIGHT="94">
            <Shape><Polygon POINTS="831 971 828 999 3575 1009 3582 985 3579 922 831 915 831 971"/></Shape>
	    <String CONTENT="main; à tous commandants et officiers de la force publique de prêter main-forte lorsqu'ils en seront légalement requis" HPOS="828" VPOS="915" WIDTH="2754" HEIGHT="94" WC="0.9665704778695511"/>
          </TextLine>

          
          
          <TextLine ID="textline_00010" TAGREFS="LT6926" BASELINE="901 1111 3037 1118" HPOS="898" VPOS="1037" WIDTH="2139" HEIGHT="115">
            <Shape><Polygon POINTS="901 1111 898 1145 3030 1152 3037 1118 3034 1051 901 1037 901 1111"/></Shape>
	    <String CONTENT="En foi de quoi le présent jugement a été signé par les Membres du Conseil et par le Greffier." HPOS="898" VPOS="1037" WIDTH="2139" HEIGHT="115"/>
          </TextLine>

          
        </TextBlock>
        
        <TextBlock HPOS="610.0" VPOS="1156.0" WIDTH="3604.0" HEIGHT="637.0" ID="textblock_00002" TAGREFS="BT21629">
          <Shape><Polygon POINTS="610 1156 4214 1156 4214 1793 610 1793 610 1156"/></Shape>
          
          
          <TextLine ID="textline_00011" TAGREFS="LT8440" BASELINE="743 1487 1256 1356" HPOS="681" VPOS="1158" WIDTH="576" HEIGHT="388">
            <Shape><Polygon POINTS="1194 1158 1173 1158 681 1263 738 1483 754 1546 1257 1383 1252 1352 1200 1158 1194 1158"/></Shape>
	    <String CONTENT="+" HPOS="681" VPOS="1158" WIDTH="576" HEIGHT="388"/>
          </TextLine>

          
          
          <TextLine ID="textline_00012" TAGREFS="LT8440" BASELINE="3418 1478 3915 1420" HPOS="3390" VPOS="1221" WIDTH="519" HEIGHT="298">
            <Shape><Polygon POINTS="3417 1477 3422 1519 3909 1451 3909 1415 3873 1226 3820 1252 3799 1236 3778 1221 3773 1221 3768 1221 3763 1221 3668 1231 3663 1231 3658 1231 3658 1236 3621 1273 3600 1257 3595 1257 3590 1257 3584 1257 3579 1257 3390 1315 3417 1477"/></Shape>
	    <String CONTENT="+" HPOS="3390" VPOS="1221" WIDTH="519" HEIGHT="298" WC="0.9999948740005493"/>
          </TextLine>

          
          
          <TextLine ID="textline_00013" TAGREFS="LT8440" BASELINE="1540 1528 1977 1300" HPOS="1462" VPOS="1168" WIDTH="550" HEIGHT="419">
            <Shape><Polygon POINTS="1535 1525 1572 1587 1687 1519 1713 1519 1771 1525 1776 1525 1781 1525 1787 1525 2012 1378 1975 1299 1907 1168 1462 1378 1535 1525"/></Shape>
	    <String CONTENT="+" HPOS="1462" VPOS="1168" WIDTH="550" HEIGHT="419"/>
          </TextLine>

          
          
          <TextLine ID="textline_00014" TAGREFS="LT8440" BASELINE="2675 1517 3188 1402" HPOS="2615" VPOS="1221" WIDTH="582" HEIGHT="398">
            <Shape><Polygon POINTS="2672 1514 2693 1619 2819 1593 2824 1593 2830 1593 2840 1582 2950 1493 3197 1472 3186 1399 3149 1247 3008 1273 2955 1257 2845 1221 2840 1221 2835 1221 2830 1221 2615 1278 2672 1514"/></Shape>
	    <String CONTENT="+" HPOS="2615" VPOS="1221" WIDTH="582" HEIGHT="398" WC="0.9999551773071289"/>
          </TextLine>

          
          
          <TextLine ID="textline_00015" TAGREFS="LT8440" BASELINE="1962 1620 2226 1454" HPOS="1912" VPOS="1373" WIDTH="352" HEIGHT="309">
            <Shape><Polygon POINTS="1960 1619 2007 1682 2143 1567 2264 1525 2222 1451 2164 1373 2059 1456 2049 1456 1960 1472 1954 1472 1949 1472 1949 1477 1944 1477 1944 1483 1912 1546 1960 1619"/></Shape>
	    <String CONTENT="+" HPOS="1912" VPOS="1373" WIDTH="352" HEIGHT="309" WC="0.9999961853027344"/>
          </TextLine>

          
          
          <TextLine ID="textline_00016" TAGREFS="LT8440" BASELINE="3806 1739 4079 1523" HPOS="3742" VPOS="1441" WIDTH="393" HEIGHT="356">
            <Shape><Polygon POINTS="3804 1734 3852 1797 4135 1593 4077 1519 4014 1441 3894 1477 3888 1477 3789 1556 3789 1561 3784 1561 3784 1567 3742 1656 3804 1734"/></Shape>
	    <String CONTENT="+" HPOS="3742" VPOS="1441" WIDTH="393" HEIGHT="356" WC="0.733127772808075"/>
          </TextLine>

          
        </TextBlock>
        
        <TextBlock HPOS="569.0" VPOS="1794.0" WIDTH="3661.0" HEIGHT="471.0" ID="textblock_00003" TAGREFS="BT19261">
          <Shape><Polygon POINTS="569 1794 4230 1794 4230 2265 569 2265 569 1794"/></Shape>
          
          
          <TextLine ID="textline_00017" TAGREFS="LT6926" BASELINE="880 1865 1461 1858 3370 1891 3886 1865" HPOS="870" VPOS="1797" WIDTH="3013" HEIGHT="110">
            <Shape><Polygon POINTS="3857 1797 3804 1797 3752 1797 3700 1797 3653 1797 3600 1797 3548 1797 3495 1797 3443 1797 3390 1797 3338 1797 3286 1797 3233 1797 3181 1797 3128 1797 3076 1797 3024 1797 2971 1797 2919 1797 2866 1797 2814 1797 2762 1797 2709 1797 2657 1797 2604 1797 2552 1797 2499 1797 2447 1797 2395 1797 2342 1797 2290 1797 2237 1797 2185 1797 2133 1797 2080 1797 2028 1797 1975 1797 1923 1797 1871 1797 1818 1797 1766 1797 1713 1797 1661 1797 1608 1797 1556 1797 1504 1797 1451 1797 1399 1797 1346 1797 1294 1797 1242 1797 1189 1797 1137 1797 1084 1797 1032 1797 980 1797 927 1797 875 1797 875 1860 870 1902 3873 1907 3883 1860 3873 1797 3857 1797"/></Shape>
	    <String CONTENT="L'an mil neuf cent dix huit le sept février le présent jugement a été lu par nous, Greffier soussigné, à Trélohan" HPOS="870" VPOS="1797" WIDTH="3013" HEIGHT="110"/>
          </TextLine>

          
          
          <TextLine ID="textline_00018" TAGREFS="LT6926" BASELINE="926 1946 1457 1946" HPOS="926" VPOS="1879" WIDTH="531" HEIGHT="95">
            <Shape><Polygon POINTS="926 1946 926 1974 1457 1970 1457 1946 1454 1879 926 1883 926 1946"/></Shape>
	    <String CONTENT="susqualifié" HPOS="926" VPOS="1879" WIDTH="531" HEIGHT="95"/>
          </TextLine>

          
          
          <TextLine ID="textline_00019" TAGREFS="LT8439" BASELINE="1929 1949 3907 1963" HPOS="1926" VPOS="1897" WIDTH="1981" HEIGHT="87">
            <Shape><Polygon POINTS="1929 1949 1926 1974 3900 1984 3907 1963 3904 1907 1929 1897 1929 1949"/></Shape>
	    <String CONTENT="averti par le Commissaire du Gouvernement que l'article 44 de la loi du 17 avril" HPOS="1926" VPOS="1897" WIDTH="1981" HEIGHT="87" WC="0.9726311810314655"/>
          </TextLine>

          
          
          <TextLine ID="textline_00020" TAGREFS="LT8439" BASELINE="824 2012 3607 2033" HPOS="821" VPOS="1956" WIDTH="2786" HEIGHT="105">
            <Shape><Polygon POINTS="824 2012 821 2040 3600 2061 3607 2033 3603 1981 824 1956 824 2012"/></Shape>
	    <String CONTENT="1906 accorde trois jours pour se pourvoir en cassation (1), ou que les articles 141 et 243 du Code de justice militaire" HPOS="821" VPOS="1956" WIDTH="2786" HEIGHT="105"/>
          </TextLine>

          
          
          <TextLine ID="textline_00021" TAGREFS="LT8439" BASELINE="824 2089 3763 2113" HPOS="817" VPOS="2012" WIDTH="2940" HEIGHT="131">
            <Shape><Polygon POINTS="822 2085 817 2117 3747 2143 3757 2112 3752 2038 822 2012 822 2085"/></Shape>
	    <String CONTENT="accordent vingt-quatre heures pour se pourvoir en revision (2), lesquels commencent à courir de l'expiration du présent jour" HPOS="817" VPOS="2012" WIDTH="2940" HEIGHT="131" WC="0.9666767456839161"/>
          </TextLine>

          
          
          <TextLine ID="textline_00022" TAGREFS="LT6926" BASELINE="3785 2112 3906 2115" HPOS="3778" VPOS="2028" WIDTH="126" HEIGHT="110">
            <Shape><Polygon POINTS="3784 2106 3778 2138 3899 2133 3904 2112 3899 2038 3784 2028 3784 2106"/></Shape>
	    <String CONTENT="Cette" HPOS="3778" VPOS="2028" WIDTH="126" HEIGHT="110" WC="0.9985558390617371"/>
          </TextLine>

          
          
          <TextLine ID="textline_00023" TAGREFS="LT6926" BASELINE="817 2159 4163 2173" HPOS="814" VPOS="2096" WIDTH="3349" HEIGHT="136">
            <Shape><Polygon POINTS="3754 2113 3719 2113 3684 2113 3649 2113 3614 2113 3579 2113 3544 2113 3509 2113 3474 2113 3439 2113 3404 2113 3369 2110 3334 2110 3299 2110 3264 2110 3229 2110 3194 2110 3159 2110 3124 2110 3089 2110 3055 2110 3020 2110 2985 2110 2950 2110 2915 2106 2880 2106 2845 2106 2810 2106 2775 2106 2740 2106 2705 2106 2670 2106 2635 2106 2600 2106 2565 2106 2530 2106 2495 2103 2488 2103 2460 2103 2425 2103 2390 2103 2355 2103 2320 2103 2286 2103 2251 2103 2216 2103 2181 2103 2146 2103 2111 2103 2093 2099 817 2096 817 2159 814 2187 1558 2194 1593 2194 2334 2201 2373 2197 2418 2201 2684 2201 2691 2201 2701 2201 2827 2225 2831 2225 2834 2225 2911 2204 2922 2201 2936 2204 3009 2229 3013 2229 3016 2229 3020 2229 3076 2204 3089 2201 3320 2204 3320 2208 3373 2229 3376 2229 3380 2229 3551 2208 3593 2204 3621 2208 3733 2232 3736 2232 3740 2232 3820 2211 3848 2204 3890 2211 4016 2232 4019 2232 4159 2211 4163 2173 4159 2110 3789 2106 3789 2113"/></Shape>
	    <String CONTENT="lecture faite en présence de la garde rassemblée sous les armes, l'avertissement prescrit par l'article 3 de la loi" HPOS="814" VPOS="2096" WIDTH="3349" HEIGHT="136"/>
          </TextLine>

          
          
          <TextLine ID="textline_00024" TAGREFS="LT6926" BASELINE="835 2232 2663 2232" HPOS="829" VPOS="2182" WIDTH="1887" HEIGHT="86">
            <Shape><Polygon POINTS="2716 2197 839 2182 835 2225 835 2232 829 2259 2672 2268"/></Shape>
	    <String CONTENT="du 26 mars 1891 a été donné au condamné" HPOS="829" VPOS="2182" WIDTH="1887" HEIGHT="86"/>
          </TextLine>

          
        </TextBlock>
        
        <TextBlock HPOS="1233.0" VPOS="2256.0" WIDTH="2558.0" HEIGHT="466.0" ID="textblock_00004" TAGREFS="BT21629">
          <Shape><Polygon POINTS="1233 2256 3791 2256 3791 2722 1233 2722 1233 2256"/></Shape>
          
          
          <TextLine ID="textline_00025" TAGREFS="LT6926" BASELINE="1506 2298 2275 2305" HPOS="1498" VPOS="2258" WIDTH="776" HEIGHT="79">
            <Shape><Polygon POINTS="2237 2258 2185 2258 2133 2258 2080 2258 2028 2258 1975 2258 1923 2258 1871 2258 1818 2258 1766 2258 1713 2258 1661 2258 1608 2258 1556 2258 1504 2258 1504 2295 1498 2321 2264 2337 2274 2300 2274 2258 2237 2258"/></Shape>
	    <String CONTENT="Le Commissaire du Gouvernement," HPOS="1498" VPOS="2258" WIDTH="776" HEIGHT="79" WC="0.9823210354774229"/>
          </TextLine>

          
          
          <TextLine ID="textline_00026" TAGREFS="LT8440" BASELINE="1535 2430 2032 2379" HPOS="1519" VPOS="2300" WIDTH="509" HEIGHT="205">
            <Shape><Polygon POINTS="1991 2300 1944 2300 1808 2321 1771 2321 1614 2300 1608 2300 1603 2300 1519 2342 1530 2426 1535 2489 1677 2505 1682 2505 2028 2447 2028 2374 2017 2300 1991 2300"/></Shape>
	    <String CONTENT="+" HPOS="1519" VPOS="2300" WIDTH="509" HEIGHT="205" WC="0.9999991655349731"/>
          </TextLine>

          
          
          <TextLine ID="textline_00027" TAGREFS="LT6926" BASELINE="3034 2315 3270 2312" HPOS="3029" VPOS="2258" WIDTH="260" HEIGHT="147">
            <Shape><Polygon POINTS="3186 2258 3134 2258 3081 2258 3029 2258 3029 2311 3029 2405 3265 2363 3289 2311 3265 2258 3238 2258"/></Shape>
	    <String CONTENT="le Greffier," HPOS="3029" VPOS="2258" WIDTH="260" HEIGHT="147"/>
          </TextLine>

          
          
          <TextLine ID="textline_00028" TAGREFS="LT8440" BASELINE="3209 2463 3542 2303" HPOS="3165" VPOS="2258" WIDTH="388" HEIGHT="231">
            <Shape><Polygon POINTS="3406 2258 3312 2279 3307 2279 3301 2279 3254 2311 3254 2316 3249 2316 3165 2379 3207 2457 3223 2489 3328 2478 3333 2478 3338 2478 3553 2337 3537 2300 3516 2258 3459 2258"/></Shape>
	    <String CONTENT="+" HPOS="3165" VPOS="2258" WIDTH="388" HEIGHT="231" WC="0.9999767541885376"/>
          </TextLine>

          
        </TextBlock>
        
        <TextBlock HPOS="546.0" VPOS="2697.0" WIDTH="3672.0" HEIGHT="2786.0" ID="textblock_00005" TAGREFS="BT19261">
          <Shape><Polygon POINTS="546 2697 4218 2697 4218 5483 546 5483 546 2697"/></Shape>
          
          
          <TextLine ID="textline_00029" TAGREFS="LT6927" BASELINE="2037 2809 2670 2812" HPOS="2028" VPOS="2699" WIDTH="639" HEIGHT="152">
            <Shape><Polygon POINTS="2033 2803 2028 2835 2657 2851 2667 2809 2662 2704 2033 2699 2033 2803"/></Shape>
	    <String CONTENT="EXÉCUTOIRE." HPOS="2028" VPOS="2699" WIDTH="639" HEIGHT="152"/>
          </TextLine>

          
          
          <TextLine ID="textline_00030" TAGREFS="LT6926" BASELINE="870 3116 2782 3116" HPOS="870" VPOS="3011" WIDTH="1912" HEIGHT="140">
            <Shape><Polygon POINTS="870 3116 870 3144 2778 3151 2782 3116 2778 3046 2754 3050 2747 3046 2708 3011 2705 3011 2701 3011 2537 3011 2534 3011 2530 3011 2527 3011 2488 3046 2481 3053 2474 3046 2453 3032 2450 3032 2446 3032 2443 3032 2348 3046 2345 3046 2341 3046 2296 3011 2293 3011 2289 3011 2100 3011 2097 3011 1932 3046 1922 3050 1919 3046 1849 3011 1845 3011 1842 3011 1838 3011 1744 3050 1730 3057 1003 3057 999 3050 985 3039 985 3036 982 3036 978 3036 975 3036 870 3050 870 3116"/></Shape>
	    <String CONTENT="Vu la procédure instruite contre le n^o Trélohan, Pierre" HPOS="870" VPOS="3011" WIDTH="1912" HEIGHT="140"/>
          </TextLine>

          
          
          <TextLine ID="textline_00031" TAGREFS="LT6926" BASELINE="810 3193 1705 3189" HPOS="807" VPOS="3137" WIDTH="898" HEIGHT="91">
            <Shape><Polygon POINTS="810 3193 810 3214 1702 3228 1705 3189 1698 3137 807 3137 810 3193"/></Shape>
	    <String CONTENT="et les frais d'icelle dont le détail suit:" HPOS="807" VPOS="3137" WIDTH="898" HEIGHT="91" WC="0.9711275739329202"/>
          </TextLine>

          
          
          <TextLine ID="textline_00032" TAGREFS="LT6926" BASELINE="1062 3319 3278 3340" HPOS="1059" VPOS="3238" WIDTH="2219" HEIGHT="130">
            <Shape><Polygon POINTS="1059 3340 3271 3368 3278 3340 3278 3284 2681 3280 2632 3270 2537 3252 2534 3252 2530 3252 2502 3266 2485 3273 2471 3266 2439 3252 2436 3252 2237 3252 2233 3252 2230 3252 2226 3252 2219 3259 2209 3270 2191 3259 2170 3249 2167 3249 2163 3249 2044 3256 1873 3270 1824 3252 1803 3245 1800 3245 1555 3245 1551 3245 1548 3245 1544 3245 1510 3266 1447 3245 1436 3242 1433 3242 1429 3242 1391 3245 1163 3263 1066 3238 1062 3319 1059 3340"/></Shape>
	    <String CONTENT="1^o Coût du transport des pièces et objets pouvant servie à conviction ou à décharge................. ......" HPOS="1059" VPOS="3238" WIDTH="2219" HEIGHT="130" WC="0.9674800456127274"/>
          </TextLine>

          
          
          <TextLine ID="textline_00033" TAGREFS="LT6926" BASELINE="1059 3389 3285 3399" HPOS="1055" VPOS="3333" WIDTH="2230" HEIGHT="97">
            <Shape><Polygon POINTS="1059 3389 1055 3420 3278 3430 3285 3399 3285 3347 1059 3333 1059 3389"/></Shape>
	    <String CONTENT="2^o Honoraires des officiers de santé, médecins, chirurgiens civils, sages-femmes, experts, interprètes, traducteurs et" HPOS="1055" VPOS="3333" WIDTH="2230" HEIGHT="97" WC="0.9794215219361442"/>
          </TextLine>

          
          
          <TextLine ID="textline_00034" TAGREFS="LT6926" BASELINE="1156 3451 3278 3465" HPOS="1153" VPOS="3392" WIDTH="2125" HEIGHT="101">
            <Shape><Polygon POINTS="1366 3392 1331 3392 1296 3392 1261 3392 1226 3392 1191 3392 1156 3392 1156 3451 1153 3465 3271 3493 3278 3465 3275 3420 1391 3392 1366 3392"/></Shape>
	    <String CONTENT="autres, appelés en justice................................................................." HPOS="1153" VPOS="3392" WIDTH="2125" HEIGHT="101" WC="0.9281686570909288"/>
          </TextLine>

          
          
          <TextLine ID="textline_00035" TAGREFS="LT6926" BASELINE="1062 3507 3282 3528" HPOS="1059" VPOS="3441" WIDTH="2223" HEIGHT="115">
            <Shape><Polygon POINTS="2181 3458 2146 3458 2111 3458 2076 3458 2041 3458 2006 3458 1999 3458 1884 3465 1856 3458 1831 3458 1796 3458 1761 3458 1726 3458 1691 3458 1656 3455 1649 3455 1510 3462 1482 3455 1482 3455 1447 3455 1412 3455 1377 3455 1342 3455 1307 3455 1279 3455 1240 3458 1202 3455 1202 3455 1167 3455 1163 3448 1062 3441 1062 3507 1059 3528 3275 3556 3282 3528 3278 3479 2195 3472 2188 3458 2181 3458"/></Shape>
	    <String CONTENT="3^o Indemnités accordées aux témoins civils et militaires.............................................." HPOS="1059" VPOS="3441" WIDTH="2223" HEIGHT="115" WC="0.9418364624375278"/>
          </TextLine>

          
          
          <TextLine ID="textline_00036" TAGREFS="LT6926" BASELINE="1055 3570 3271 3591" HPOS="1052" VPOS="3507" WIDTH="2219" HEIGHT="112">
            <Shape><Polygon POINTS="1440 3514 1433 3511 1254 3511 1230 3511 1195 3511 1160 3511 1125 3511 1090 3511 1087 3507 1055 3507 1055 3570 1052 3595 3264 3619 3271 3591 3268 3546 1457 3514 1440 3514"/></Shape>
	    <String CONTENT="4^o Frais de garde de scellés et ceux de mise en fourrière............................................." HPOS="1052" VPOS="3507" WIDTH="2219" HEIGHT="112" WC="0.9445226765146443"/>
          </TextLine>

          
          
          <TextLine ID="textline_00037" TAGREFS="LT6926" BASELINE="1059 3633 3271 3654" HPOS="1055" VPOS="3574" WIDTH="2216" HEIGHT="108">
            <Shape><Polygon POINTS="1548 3577 1513 3577 1478 3577 1443 3577 1422 3574 1303 3574 1303 3574 1268 3574 1233 3574 1198 3574 1163 3574 1129 3574 1094 3574 1059 3574 1059 3633 1055 3658 3264 3682 3271 3654 3268 3602 1548 3577 1548 3577"/></Shape>
	    <String CONTENT="5^o Indemnités de route, de transport et de séjour, accordées aux membres des tribunaux militaires pour les dépla-" HPOS="1055" VPOS="3574" WIDTH="2216" HEIGHT="108" WC="0.9654697022939983"/>
          </TextLine>

          
          
          <TextLine ID="textline_00038" TAGREFS="LT6926" BASELINE="1153 3696 3275 3714" HPOS="1150" VPOS="3640" WIDTH="2125" HEIGHT="108">
            <Shape><Polygon POINTS="1153 3696 1150 3720 3268 3748 3275 3714 3271 3665 1153 3640 1153 3696"/></Shape>
	    <String CONTENT="cements auxquels l'instruction des procédures peut donner lieu, ainsi que toutes autres dépenses nécessitées" HPOS="1150" VPOS="3640" WIDTH="2125" HEIGHT="108" WC="0.9761467860123821"/>
          </TextLine>

          
          
          <TextLine ID="textline_00039" TAGREFS="LT6926" BASELINE="1150 3762 3285 3780" HPOS="1146" VPOS="3703" WIDTH="2139" HEIGHT="101">
            <Shape><Polygon POINTS="1150 3762 1146 3776 3278 3804 3285 3780 3285 3734 1150 3703 1150 3762"/></Shape>
	    <String CONTENT="de ce chef.............................................................................." HPOS="1146" VPOS="3703" WIDTH="2139" HEIGHT="101" WC="0.9226922352205623"/>
          </TextLine>

          
          
          <TextLine ID="textline_00040" TAGREFS="LT6926" BASELINE="1055 3825 3278 3843" HPOS="1052" VPOS="3769" WIDTH="2226" HEIGHT="102">
            <Shape><Polygon POINTS="1055 3825 1052 3843 3271 3871 3278 3843 3275 3787 1055 3769 1055 3825"/></Shape>
	    <String CONTENT="6^o Port des lettres et paquets pour l'instruction, sauf le port des lettres résultant de l'application de la loi du" HPOS="1052" VPOS="3769" WIDTH="2226" HEIGHT="102" WC="0.9778577063618035"/>
          </TextLine>

          
          
          <TextLine ID="textline_00041" TAGREFS="LT6926" BASELINE="1153 3888 3278 3906" HPOS="1150" VPOS="3829" WIDTH="2128" HEIGHT="105">
            <Shape><Polygon POINTS="1153 3888 1150 3916 3271 3934 3278 3906 3275 3853 1153 3829 1153 3888"/></Shape>
	    <String CONTENT="15 juin 1899............................................................................" HPOS="1150" VPOS="3829" WIDTH="2128" HEIGHT="105" WC="0.9270526184432808"/>
          </TextLine>

          
          
          <TextLine ID="textline_00042" TAGREFS="LT6926" BASELINE="1052 3944 3264 3969" HPOS="1048" VPOS="3878" WIDTH="2216" HEIGHT="122">
            <Shape><Polygon POINTS="2869 3906 2862 3902 2782 3902 2764 3902 2729 3902 2695 3902 2660 3902 2625 3902 2590 3902 2555 3902 2520 3902 2485 3902 2467 3902 2369 3909 2341 3902 2331 3899 2310 3899 2275 3899 2240 3899 2205 3899 2188 3899 2034 3906 1992 3895 1960 3895 1926 3895 1891 3895 1856 3895 1828 3895 1716 3902 1677 3895 1646 3895 1611 3895 1576 3892 1541 3892 1506 3892 1471 3892 1436 3892 1401 3892 1366 3892 1331 3892 1296 3892 1282 3892 1156 3895 1052 3878 1052 3944 1048 3969 3257 4000 3264 3969 3261 3920 2876 3906 2869 3906"/></Shape>
	    <String CONTENT="7^o Frais l'impression des arrêts, jugements et ordonnances de justice, quand il y a lieu.................." HPOS="1048" VPOS="3878" WIDTH="2216" HEIGHT="122" WC="0.9717454357978401"/>
          </TextLine>

          
          
          <TextLine ID="textline_00043" TAGREFS="LT6926" BASELINE="1052 4014 3268 4031" HPOS="1048" VPOS="3948" WIDTH="2220" HEIGHT="108">
            <Shape><Polygon POINTS="1052 4014 1048 4038 3261 4056 3268 4031 3264 3979 1052 3948 1052 4014"/></Shape>
	    <String CONTENT="8^o Prime de capture des contumax, des déserteurs et des insoumis......................................" HPOS="1048" VPOS="3948" WIDTH="2220" HEIGHT="108" WC="0.9540289792360044"/>
          </TextLine>

          
          
          <TextLine ID="textline_00044" TAGREFS="LT6926" BASELINE="1052 4073 3524 4087" HPOS="1042" VPOS="3993" WIDTH="2479" HEIGHT="126">
            <Shape><Polygon POINTS="3249 4030 3197 4030 3144 4030 3092 4030 3039 4030 2987 4030 2934 4030 2882 4030 2830 4030 2777 4030 2725 4030 2672 4024 2620 4024 2568 4024 2515 4024 2463 4024 2410 4024 2358 4024 2306 4024 2253 4024 2201 4024 2148 4019 2096 4019 2044 4019 1991 4019 1939 4019 1886 4019 1834 4019 1781 4019 1729 4019 1677 4019 1624 4019 1572 4014 1519 4014 1467 4014 1415 4014 1362 4014 1310 4014 1257 4014 1205 4014 1153 4014 1100 4014 1048 4014 1048 4072 1042 4108 3511 4119 3521 4082 3511 3993 3249 3993 3249 4030"/></Shape>
	    <String CONTENT="9^o Frais résultant de l'obtention des extraits du casier judiciaire......................................... 0,25" HPOS="1042" VPOS="3993" WIDTH="2479" HEIGHT="126"/>
          </TextLine>

          
          
          <TextLine ID="textline_00045" TAGREFS="LT6926" BASELINE="1038 4133 3512 4157" HPOS="1034" VPOS="4070" WIDTH="2478" HEIGHT="119">
            <Shape><Polygon POINTS="1772 4080 1737 4080 1702 4080 1667 4080 1646 4077 1531 4077 1527 4077 1492 4077 1457 4077 1422 4077 1387 4077 1352 4077 1317 4077 1282 4077 1247 4077 1212 4077 1177 4077 1143 4077 1108 4077 1073 4077 1069 4070 1038 4070 1038 4133 1034 4164 3505 4189 3512 4157 3512 4105 1779 4080 1772 4080"/></Shape>
	    <String CONTENT="10^o Prix du bulletin n^o 1 et du duplicata dudit (décret du 12 décembre 1899, art. 13)..................... 0,40" HPOS="1034" VPOS="4070" WIDTH="2478" HEIGHT="119"/>
          </TextLine>

          
          
          <TextLine ID="textline_00046" TAGREFS="LT6926" BASELINE="1034 4199 3268 4224" HPOS="1031" VPOS="4143" WIDTH="2237" HEIGHT="112">
            <Shape><Polygon POINTS="1034 4199 1031 4227 3261 4255 3268 4224 3264 4171 1034 4143 1034 4199"/></Shape>
	    <String CONTENT="11^o Coût des bulletins n^o 1 et du duplicata de ces bulletins établis par les greffiers des conseils de guerre au sujet" HPOS="1031" VPOS="4143" WIDTH="2237" HEIGHT="112" WC="0.971073784247166"/>
          </TextLine>

          
          
          <TextLine ID="textline_00047" TAGREFS="LT6926" BASELINE="1170 4266 3264 4283" HPOS="1167" VPOS="4203" WIDTH="2097" HEIGHT="111">
            <Shape><Polygon POINTS="1380 4206 1373 4203 1170 4203 1170 4266 1167 4283 3257 4314 3264 4283 3261 4234 1401 4206 1380 4206"/></Shape>
	    <String CONTENT="des condamnations prononcées par ces conseils (décret du 12 décembre 1899, art. 13)...................." HPOS="1167" VPOS="4203" WIDTH="2097" HEIGHT="111" WC="0.9612324587022415"/>
          </TextLine>

          
          
          <TextLine ID="textline_00048" TAGREFS="LT6926" BASELINE="1027 4321 3450 4349" HPOS="1024" VPOS="4276" WIDTH="2426" HEIGHT="105">
            <Shape><Polygon POINTS="1027 4321 1024 4342 3443 4381 3450 4349 3446 4290 1027 4276 1027 4321"/></Shape>
	    <String CONTENT="12^o Frais de procédure ou coût du jugement........................................................ 12^f 00" HPOS="1024" VPOS="4276" WIDTH="2426" HEIGHT="105"/>
          </TextLine>

          
          
          <TextLine ID="textline_00049" TAGREFS="LT6926" BASELINE="1034 4388 3261 4409" HPOS="1031" VPOS="4335" WIDTH="2230" HEIGHT="102">
            <Shape><Polygon POINTS="1034 4388 1031 4412 3254 4437 3261 4409 3257 4363 1034 4335 1034 4388"/></Shape>
	    <String CONTENT="13^o Amende........................................................................................." HPOS="1031" VPOS="4335" WIDTH="2230" HEIGHT="102" WC="0.8920335231915765"/>
          </TextLine>

          
          
          <TextLine ID="textline_00050" TAGREFS="LT6926" BASELINE="1024 4447 3261 4475" HPOS="1020" VPOS="4402" WIDTH="2241" HEIGHT="101">
            <Shape><Polygon POINTS="1024 4447 1020 4468 3254 4503 3261 4475 3257 4430 1024 4402 1024 4447"/></Shape>
	    <String CONTENT="14^o Décimes additionnels (en France)..............................................................." HPOS="1020" VPOS="4402" WIDTH="2241" HEIGHT="101" WC="0.9371493839726006"/>
          </TextLine>

          
          
          <TextLine ID="textline_00051" TAGREFS="LT6926" BASELINE="1020 4514 3261 4538" HPOS="1017" VPOS="4458" WIDTH="2244" HEIGHT="105">
            <Shape><Polygon POINTS="1020 4514 1017 4531 3254 4563 3261 4538 3257 4486 1020 4458 1020 4514"/></Shape>
	    <String CONTENT="15^o Frais fixes de procédure devant la Cour de cassation ou le Conseil de revision..........................." HPOS="1017" VPOS="4458" WIDTH="2244" HEIGHT="105" WC="0.9622739471426798"/>
          </TextLine>

          
          
          <TextLine ID="textline_00052" TAGREFS="LT6926" BASELINE="936 4576 3257 4601" HPOS="933" VPOS="4517" WIDTH="2324" HEIGHT="108">
            <Shape><Polygon POINTS="2649 4535 2646 4531 2509 4531 2509 4531 2474 4531 2439 4531 2404 4531 2369 4531 2334 4531 2300 4528 2265 4528 2230 4528 2195 4528 2160 4528 2125 4528 2090 4528 2055 4528 2020 4528 1985 4528 1950 4524 1915 4524 1880 4524 1845 4524 1831 4524 1754 4531 1688 4524 1670 4524 1635 4521 1600 4521 1565 4521 1531 4521 1496 4521 1461 4521 1433 4521 1279 4528 1261 4517 1251 4517 1216 4517 1181 4517 1146 4517 1115 4517 936 4524 936 4576 933 4594 1038 4615 1041 4615 1254 4601 1293 4618 1296 4618 1300 4618 1579 4604 1586 4604 1639 4622 1642 4622 1646 4625 3254 4625 3257 4601 3257 4549 2656 4535 2649 4535"/></Shape>
	    <String CONTENT="16^o Frais fixes de procédure devant le Conseil de guerre jugeant en 2^e instance............................." HPOS="933" VPOS="4517" WIDTH="2324" HEIGHT="108" WC="0.9717688981546174"/>
          </TextLine>

          
          
          <TextLine ID="textline_00053" TAGREFS="LT6926" BASELINE="1842 4713 3519 4727" HPOS="1838" VPOS="4632" WIDTH="1681" HEIGHT="158">
            <Shape><Polygon POINTS="1842 4713 1838 4741 2097 4737 2181 4755 2188 4755 2191 4755 2195 4755 2251 4737 2296 4758 2300 4758 2303 4758 2307 4758 2310 4758 2313 4758 2359 4737 2663 4762 2667 4762 2670 4762 2733 4744 2803 4765 2806 4765 2810 4765 3027 4748 3055 4765 3058 4765 3062 4765 3065 4765 3159 4758 3198 4779 3212 4786 3215 4786 3219 4790 3516 4790 3519 4727 3516 4643 3166 4650 3163 4650 3110 4678 3002 4678 2950 4650 2946 4650 2943 4650 2939 4650 2936 4650 2901 4674 2705 4674 2439 4674 2383 4650 2380 4650 2376 4650 2272 4671 2163 4646 2160 4646 2055 4667 1842 4632 1842 4713"/></Shape>
	    <String CONTENT="TOTAL.................................................. 12, 65" HPOS="1838" VPOS="4632" WIDTH="1681" HEIGHT="158"/>
          </TextLine>

          
          
          <TextLine ID="textline_00054" TAGREFS="LT6926" BASELINE="852 4887 1870 4887 3872 4922" HPOS="849" VPOS="4793" WIDTH="3023" HEIGHT="150">
            <Shape><Polygon POINTS="852 4887 849 4898 3865 4943 3872 4922 3865 4849 2883 4849 2695 4825 2625 4818 2621 4818 2558 4825 2380 4842 2289 4818 2272 4814 2268 4814 2265 4814 2244 4818 2135 4839 2093 4814 2090 4814 2086 4814 2083 4814 2072 4814 1950 4828 1674 4807 1618 4804 1614 4804 1551 4804 1090 4821 1017 4797 1013 4797 852 4793 852 4887"/></Shape>
	    <String CONTENT="Vu le dispositif du jugement définitif, l'article 139 du Code de justice militaire, le Président du Conseil de guerre" HPOS="849" VPOS="4793" WIDTH="3023" HEIGHT="150" WC="0.9767743822855827"/>
          </TextLine>

          
          
          <TextLine ID="textline_00055" TAGREFS="LT6926" BASELINE="789 4964 1331 4957 2880 4982 4093 4968" HPOS="786" VPOS="4891" WIDTH="3307" HEIGHT="133">
            <Shape><Polygon POINTS="3862 4922 3827 4922 3792 4922 3757 4922 3722 4922 3687 4922 3652 4919 3617 4919 3582 4919 3547 4919 3512 4919 3477 4919 3474 4915 3470 4919 3429 4915 3408 4915 3373 4915 3338 4915 3303 4915 3268 4912 3233 4912 3198 4912 3163 4912 3149 4912 3131 4919 2548 4919 2366 4898 2362 4898 2327 4898 2293 4898 2258 4894 2223 4894 2188 4894 2153 4894 2118 4894 2083 4894 1901 4894 1898 4894 1894 4894 1887 4898 1856 4912 1478 4912 1450 4898 1436 4891 1433 4891 1429 4891 789 4894 789 4964 786 4996 1314 5013 1317 5013 1321 5013 1359 5003 1408 4989 1796 4989 1835 5006 1845 5010 1849 5010 1852 5010 1943 5006 2289 4992 2555 5013 2632 5017 3089 5020 3093 5020 3096 5020 3110 5017 3166 5003 3226 5017 3250 5024 3254 5024 3257 5024 3341 5020 3558 5003 3670 5020 3691 5024 3694 5024 3698 5024 3705 5020 3764 4999 3893 5017 3897 5017 3984 4999 4082 5024 4093 4968 4086 4901 3862 4905 3862 4922"/></Shape>
	    <String CONTENT="permanent de la Q. G. liquide les frais dont l'état est ci-dessus à la somme de douze francs soixante" HPOS="786" VPOS="4891" WIDTH="3307" HEIGHT="133"/>
          </TextLine>

          
          
          <TextLine ID="textline_00056" TAGREFS="LT6926" BASELINE="842 5031 1547 5034" HPOS="833" VPOS="4957" WIDTH="713" HEIGHT="100">
            <Shape><Polygon POINTS="1519 4957 1467 4957 1415 4957 1362 4957 1310 4957 1257 4957 1205 4957 1153 4957 1100 4957 1048 4963 995 4963 943 4963 890 4963 838 4963 838 5025 833 5046 1535 5057 1546 5031 1540 4957 1519 4957"/></Shape>
	    <String CONTENT="cinq centimes" HPOS="833" VPOS="4957" WIDTH="713" HEIGHT="100"/>
          </TextLine>

          
          
          <TextLine ID="textline_00057" TAGREFS="LT6926" BASELINE="1915 5038 3890 5069" HPOS="1912" VPOS="4975" WIDTH="1978" HEIGHT="129">
            <Shape><Polygon POINTS="2569 4978 2460 4989 2404 4996 2390 4989 2355 4975 2352 4975 2348 4975 1915 4985 1915 5038 1912 5069 3883 5104 3890 5069 3883 4999 3733 5017 3457 5017 3425 4996 3422 4996 3418 4996 3415 4996 3404 4996 3233 5010 3205 4992 3198 4989 3194 4989 3191 4989 3187 4989 3152 4992 3086 5006 3069 4992 3065 4989 3062 4989 3058 4989 3055 4989 2971 4992 2796 5003 2688 4992 2572 4978 2569 4978"/></Shape>
	    <String CONTENT="du montant de laquelle il délivre le présent exécutoire, pour, le recouvrement de" HPOS="1912" VPOS="4975" WIDTH="1978" HEIGHT="129" WC="0.9590515766614749"/>
          </TextLine>

          
          
          <TextLine ID="textline_00058" TAGREFS="LT6926" BASELINE="789 5108 3789 5146" HPOS="786" VPOS="5038" WIDTH="3003" HEIGHT="139">
            <Shape><Polygon POINTS="789 5108 786 5139 3782 5177 3789 5146 3785 5087 789 5038 789 5108"/></Shape>
	    <String CONTENT="ladite somme être poursuivi sur les biens présents et a venir de condamné, par les percepteurs des Contributions directes." HPOS="786" VPOS="5038" WIDTH="3003" HEIGHT="139" WC="0.9674657822632399"/>
          </TextLine>

          
          
          <TextLine ID="textline_00059" TAGREFS="LT6926" BASELINE="845 5184 2093 5191 3883 5223" HPOS="842" VPOS="5125" WIDTH="3041" HEIGHT="119">
            <Shape><Polygon POINTS="845 5184 842 5209 3876 5244 3883 5223 3879 5160 845 5125 845 5184"/></Shape>
	    <String CONTENT="En conséquence, LE PRESIDENT DE LA RÉPUBLIQUE MANDE ET ORDONNE a tous huissiers sur ce requis de mettre ledit jugement à" HPOS="842" VPOS="5125" WIDTH="3041" HEIGHT="119" WC="0.973819216589133"/>
          </TextLine>

          
          
          <TextLine ID="textline_00060" TAGREFS="LT6926" BASELINE="789 5258 3883 5289" HPOS="786" VPOS="5205" WIDTH="3097" HEIGHT="119">
            <Shape><Polygon POINTS="789 5258 786 5289 3876 5324 3883 5289 3879 5230 789 5205 789 5258"/></Shape>
	    <String CONTENT="exécution; aux Procureurs généraux et aux Procureurs de la République près les tribunaux de première instance d'y tenir la" HPOS="786" VPOS="5205" WIDTH="3097" HEIGHT="119" WC="0.9635943565212313"/>
          </TextLine>

          
          
          <TextLine ID="textline_00061" TAGREFS="LT6926" BASELINE="796 5338 1950 5338 3523 5366" HPOS="793" VPOS="5272" WIDTH="2730" HEIGHT="122">
            <Shape><Polygon POINTS="796 5338 793 5366 3516 5394 3523 5366 3519 5307 796 5272 796 5338"/></Shape>
	    <String CONTENT="main; à tous commandants et officiers de la force publique de prêter main-forte lorsqu'ils en seront légalement requis." HPOS="793" VPOS="5272" WIDTH="2730" HEIGHT="122"/>
          </TextLine>

          
          
          <TextLine ID="textline_00062" TAGREFS="LT6926" BASELINE="849 5412 3708 5432" HPOS="845" VPOS="5342" WIDTH="2863" HEIGHT="132">
            <Shape><Polygon POINTS="2911 5356 2876 5356 2866 5356 2754 5373 2502 5373 2464 5352 2457 5349 2453 5349 2450 5349 2422 5352 2282 5370 2237 5349 2223 5345 2219 5345 2216 5345 2212 5345 2191 5349 2135 5366 2055 5349 2023 5345 2020 5345 1978 5349 1852 5366 1807 5349 1803 5349 1800 5349 1796 5349 1779 5349 1653 5363 1625 5349 1607 5342 1604 5342 1600 5342 1565 5349 1517 5359 1419 5349 1352 5342 1349 5342 1345 5342 1342 5342 1331 5349 1314 5359 1279 5349 1258 5342 1233 5342 1226 5342 1212 5349 1191 5356 1170 5349 1153 5342 1129 5342 1115 5342 1069 5349 985 5359 849 5349 849 5412 845 5443 1143 5457 1146 5457 1237 5446 1321 5436 1391 5446 1454 5457 1457 5457 1506 5446 1548 5439 1600 5446 1663 5457 1667 5457 1723 5446 1772 5439 1814 5450 1884 5464 1887 5464 1891 5464 1936 5450 1957 5443 2268 5443 2282 5450 2317 5467 2320 5467 2324 5467 2513 5450 2579 5446 2838 5450 2841 5453 2869 5471 2873 5471 2876 5471 2880 5471 3282 5457 3327 5474 3331 5474 3334 5474 3705 5453 3708 5432 3701 5356 3348 5377 2985 5377 2922 5356 2911 5356"/></Shape>
	    <String CONTENT="Fait en la Chambre du Conseil de guerre susdit, à u S.P.77 , le sept février 1918." HPOS="845" VPOS="5342" WIDTH="2863" HEIGHT="132"/>
          </TextLine>

          
        </TextBlock>
        
        <TextBlock HPOS="1187.0" VPOS="5450.0" WIDTH="1552.0" HEIGHT="385.0" ID="textblock_00006" TAGREFS="BT21630">
          <Shape><Polygon POINTS="1187 5450 2739 5450 2739 5835 1187 5835 1187 5450"/></Shape>
          
          
          <TextLine ID="textline_00063" TAGREFS="LT6926" BASELINE="1279 5509 2618 5502" HPOS="1273" VPOS="5450" WIDTH="1342" HEIGHT="110">
            <Shape><Polygon POINTS="2583 5450 2531 5450 2479 5450 2426 5450 2374 5450 2321 5450 2269 5450 2216 5450 2164 5450 2112 5450 2059 5450 2007 5450 1954 5450 1902 5450 1850 5450 1797 5450 1745 5450 1692 5450 1640 5450 1588 5450 1535 5450 1483 5450 1430 5450 1378 5450 1325 5450 1273 5450 1278 5508 1278 5560 2610 5534 2615 5497 2604 5450 2583 5450"/></Shape>
	    <String CONTENT="Jugement exécution du 7 fevrier 1918" HPOS="1273" VPOS="5450" WIDTH="1342" HEIGHT="110"/>
          </TextLine>

          
          
          <TextLine ID="textline_00064" TAGREFS="LT6926" BASELINE="1286 5597 2693 5577" HPOS="1278" VPOS="5502" WIDTH="1410" HEIGHT="147">
            <Shape><Polygon POINTS="1284 5591 1284 5649 2683 5612 2688 5576 2672 5502 1278 5523 1284 5591"/></Shape>
	    <String CONTENT="Détention préventive du 23 novembre 1917" HPOS="1278" VPOS="5502" WIDTH="1410" HEIGHT="147"/>
          </TextLine>

          
          
          <TextLine ID="textline_00065" TAGREFS="LT6926" BASELINE="1868 5666 2175 5657" HPOS="1860" VPOS="5591" WIDTH="309" HEIGHT="173">
            <Shape><Polygon POINTS="1865 5665 1865 5764 2169 5764 2169 5654 2154 5591 1860 5591 1865 5665"/></Shape>
	    <String CONTENT="le greffier" HPOS="1860" VPOS="5591" WIDTH="309" HEIGHT="173"/>
          </TextLine>

          
          
          <TextLine ID="textline_00066" TAGREFS="LT8440" BASELINE="2038 5712 2211 5684" HPOS="2023" VPOS="5602" WIDTH="188" HEIGHT="162">
            <Shape><Polygon POINTS="2127 5660 2075 5660 2023 5660 2033 5707 2038 5764 2211 5754 2206 5681 2185 5602 2154 5607 2127 5660"/></Shape>
	    <String CONTENT="+" HPOS="2023" VPOS="5602" WIDTH="188" HEIGHT="162"/>
          </TextLine>

          
          
          <TextLine ID="textline_00067" TAGREFS="LT6926" BASELINE="849 5688 1653 5688" HPOS="849" VPOS="5646" WIDTH="804" HEIGHT="94">
            <Shape><Polygon POINTS="1618 5646 1583 5646 1548 5646 1513 5646 1478 5646 1443 5646 1408 5646 1373 5646 1338 5646 1303 5646 1268 5646 1233 5646 1198 5646 1163 5646 1129 5646 1094 5646 1059 5646 1024 5646 989 5646 954 5646 919 5646 884 5646 849 5646 849 5688 849 5722 1156 5712 1195 5719 1279 5733 1282 5733 1419 5716 1447 5736 1450 5736 1454 5736 1457 5740 1597 5740 1597 5736 1600 5736 1653 5709 1653 5688 1653 5646 1618 5646"/></Shape>
	    <String CONTENT="(1) En France, en Algérie et en Tunisie." HPOS="849" VPOS="5646" WIDTH="804" HEIGHT="94" WC="0.9542624324560165"/>
          </TextLine>

          
          
          <TextLine ID="textline_00068" BASELINE="2766 5576 3083 5572" HPOS="2762" VPOS="5497" WIDTH="319" HEIGHT="136">
            <Shape><Polygon POINTS="2762 5571 2762 5633 3081 5623 3081 5571 3081 5502 2762 5497 2762 5571"/></Shape>
	    <String CONTENT="Le Président," HPOS="2762" VPOS="5497" WIDTH="319" HEIGHT="136" WC="0.9277123625461872"/>
          </TextLine>

          
        </TextBlock>
        
        <TextBlock HPOS="797.0" VPOS="5647.0" WIDTH="879.0" HEIGHT="135.0" ID="textblock_00007" TAGREFS="BT21627">
          <Shape><Polygon POINTS="797 5647 1676 5647 1676 5782 797 5782 797 5647"/></Shape>
          
          
          <TextLine ID="textline_00069" TAGREFS="LT6926" BASELINE="845 5754 1461 5750" HPOS="842" VPOS="5691" WIDTH="619" HEIGHT="98">
            <Shape><Polygon POINTS="1436 5743 1401 5747 1370 5698 842 5691 845 5754 845 5778 1457 5789 1461 5750 1450 5743 1436 5743"/></Shape>
	    <String CONTENT="(2) Aux colonies et aux armées." HPOS="842" VPOS="5691" WIDTH="619" HEIGHT="98"/>
          </TextLine>

          
        </TextBlock>
        
        <TextBlock HPOS="2768.0" VPOS="5513.0" WIDTH="1022.0" HEIGHT="467.0" ID="textblock_00008" TAGREFS="BT21629">
          <Shape><Polygon POINTS="2768 5513 3790 5513 3790 5980 2768 5980 2768 5513"/></Shape>
          
          
          <TextLine ID="textline_00070" TAGREFS="LT8440" BASELINE="3091 5721 3633 5727" HPOS="3081" VPOS="5539" WIDTH="551" HEIGHT="231">
            <Shape><Polygon POINTS="3086 5717 3081 5770 3626 5770 3632 5722 3626 5607 3474 5607 3474 5602 3411 5544 3411 5539 3406 5539 3401 5539 3259 5539 3254 5539 3249 5539 3086 5597 3086 5717"/></Shape>
	    <String CONTENT="+" HPOS="3081" VPOS="5539" WIDTH="551" HEIGHT="231" WC="0.9999994039535522"/>
          </TextLine>

          
        </TextBlock>
        

        
      </PrintSpace>
    </Page>
  </Layout>
</alto>