4329 6289
1044 213 2963 150 La séance ayant été ouverte, le Président a fait apporter et déposer devant lui, sur le bureau, un exemplaire du Code de justice

992 289 3043 154 militaire, du Code d'instruction criminelle et du code pénal ordinaire, et ordonné à la garde d'amener les accusés, qui ont

988 366 3061 147 été introduits, libres et sans fers, devant le Conseil, accompagné de leur défenseur M. Couturier, soldat

1009 485 1188 140 au servie de l'Intendance.

1055 845 2533 154 Interrogés de leurs noms, prénoms, âge, lieu de naissance, état profession et domicile

1247 922 2652 161 répondu se nommer 1^o Delacombe, Louis Lucien, 35 ans, né à Paris

1058 1021 3003 158 le 20 Juin 1882 Célibataire, maréchal ferrant à la Garenne Colombes

1069 1121 2683 140 brigadier maréchal ferrant au 112^o Régiment d'Artillerie lourde

1722 1201 2282 154 2^o Huet, Desiré Louis, 32 ans, né à Plessis Gassot le

1072 1303 2484 136 19 Avril 1885, marié, un enfant mécanicien à Villers le Bel

1097 1387 2997 146 maréchal des Logis maréchal ferrant au 112^e Régiment d'Artillerie lourde

691 1006 289 272 mariés

660 1090 367 141 deux enfants

649 1205 441 204 Renvoi approuve

833 1299 199 142 +

1044 1802 2988 158 Le Président, après avoir fait lire par le greffier l'ordre de convocation, le rapport prescrit par l'article 108 du Code de justice

995 1897 2967 143 militaire, et les pièces dont la lecture lui a paru nécessaire, a fait connaître a l'accusé les faits à raison desquels ils sont

1009 1984 2558 126 poursuivi, et leur a donné, ainsi qu'au défenseur, l'avertissement indiqué en l'article 121 dudit Code;

1051 2040 2981 143 Après quoi, il a procédé à l'interrogatoire de l'accusé et a fait entendre publiquement et séparément les témoins à charge (1)

1551 2134 2488 126 , lesdits témoins ayant au préalable prêté serment de parler sans haine et sans crainte, juré de dire toute la

999 2232 618 108 vérité et rien que la vérité;

1058 2438 2981 168 Et le Président ayant, en outre, rempli à leur égard les formalités prescrites par les articles 317 et 319 du Code d'instruction

1006 2571 251 94 criminelle;

1058 3123 3078 150 Ouï M. le Commissaire du Gouvernement en ses réquisitions tendant à ce que (3) les inculpés soient déclarés

1016 3221 3243 129 coupables des faits qui leur sont reprochés et qu'il leur soit fait application

1037 3305 2946 153 des articles 2, 59, 60 du Code pénal et 248 du Code de Justice militaire

1002 3679 3061 153 et les accusés dans leurs moyens de défense, tant par eux que par leur défenseur, lesquels ont

1009 3787 3043 119 déclaré n'avoir rien à ajouter à leurs moyens de défense, et ont en la parole les derniers, le Président a déclaré les débats terminés,

1009 3878 1506 112 et il a ordonné au défenseur et aux accusés de se retirer.

1062 4094 3004 130 Les accusés ont été reconduits par l'escorte à la prison; le Commissaire du Gouvernement, le Greffier et les assistants dans

1013 4206 1317 108 l'auditoire se sont retirés sur l'invitation du Président (4);

1072 4252 2998 139 Le Conseil délibérant à huis clos, le Président a posé les questions, conformément à l'article 132 du Code de justice

1013 4360 611 101 militaire, ainsi qu'il suit:

1065 4402 3068 154 1o le brigadier maréchal ferrant Delacombe Louis lucien, du

1062 4514 3197 136 112^e Régiment d'artillerie lourde, est il coupable, d'avoir le vingt

1055 4618 3151 102 neuf septembre 1917 aux Armées, tenté de soustraire au préjudice de

1055 4685 3172 108 l'Etat une certaine quantité de fers laquelle tentative manifestée

1055 4762 3207 132 par un commencement d'execution n'a manqué son effet que par

1032 4832 2919 136 des circonstances indépendants de la volonté de son auteur?

1042 4915 2846 137 2^o à raison de sa fonction était le coupable desdits faits?

1069 5013 3197 119 3^o le maréchal des logis, marechal ferrant Huet, Désiré Louis

1062 5115 639 66 (1) Et à décharge (s'il y en a).

1084 5130 2972 126 (2) Indiquer si des témoins ont été entendus sans prestation de serment, et pour quel motif ; dire que les pièces de conviction, s'il y en a, ont été représentées.

1037 5209 3019 110 Indiquer, en outre, ses incidents qui ont pu ce produire, en ayant soin de préciser à quel moment du débat ils ont en lieu, ses conclusions des parties, les

1037 5261 3014 121 réquisitions du ministère public, les moyens de défense présentés par l'accusé, et enfin le jugement motivé du Conseil. Dans le cas où le blanc laisse ici ne suf-

1048 5324 3013 115 firait pas pour insérer toutes ces mentions, on devra indiquer l'incident et le moment du débat il s'est produit, en ajoutant qu'il y a été statué par jugement

1037 5392 3029 110 séparé, lequel est joint et annexé au présent, et alors le jugement séparé doit indiquer la publicité de l'audience, se terminer par la même formule et être signé

1042 5460 3014 100 de la même manière que le jugement principal, en mentionnant qu'il y sera annexé comme en taisant partie. En cas de suspension d'audience et de remise au

1037 5518 1918 110 lendemain, la mention qui constate cette remise est signée par le Président et le Greffier seulement.

1090 5590 2613 94 (3) Indiquer si les réquisitions tendent à la déclaration de culpabilité et, dans ce cas, les articles de loi dont l'application est demandée.

1083 5653 2232 101 (4) S'il y a une chambre des délibérations, on mettra que le Tribunal s'est retiré dans la chambre des délibérations.

1282 5771 1488 74 Conseil de guerre. - N^o 967 de la Nomenclature générale. - Formule n^o 16.
