3520 6071
273 263 572 126 N^o DU JUGEMENT:

268 369 314 187 1022

471 495 177 117 (Art. 140

283 521 578 156 du Code du justice militaire.)

273 688 562 141 MINUTE DE JUGEMENT.

1154 379 1160 121 RÉPUBLIQUE FRANÇAISE.

1418 849 618 193 JUGEMENT

465 1011 2695 228 rendu par le CONSEIL DE GUERRE permanent du Quartier Général de la 10^e Armée

1326 1183 639 147 séant aux Armées

2831 313 187 91 N^o 967

2593 313 643 197 DE LA NOMENCLATURE GÉNÉRALE.

2684 455 481 147 [FORMULE N^o 16.]

2623 612 582 146 N^o 186 D'ORDRE.

2653 784 532 106 Date du crime ou du délit.

2679 844 466 142 21 mai 1918

1316 1482 831 147 AU NOM DU PEUPLE FRANÇAIS,

248 1603 2405 193 Le Conseil de guerre permanent du Quartier Général de la 10^e Armée

177 1720 1155 151 a rendu le jugement dont la teneur suit:

258 1856 2107 177 CEJOURD'HUI seize Octobre de l'an mil neuf cent dix huit

258 1957 1924 122 Le Conseil de guerre permanent du Q. G. de la 10^e armée

187 2028 1950 152 composé, conformément aux articles 3 et 10 du Code de justice militaire, de MM.

167 2124 1706 203 Poncet, Lieutenant Colonel, Prévôt de l'Armée

2750 2124 243 193 Président;

151 2301 1920 177 Grévy, Chef d'Escadron Commandant d'Artillerie de tranchée

157 2468 1600 188 Daclin, Capitaine à l'État major de l'Armée

136 2610 2067 187 Réthoré, Lieutenant à la 16 A du 100 Régiment Territorial

177 2762 2031 192 Vitte, Adjudant à la 16 A du 100 Régiment Territorial

2729 2595 178 162 Juges.

187 2949 1925 147 tous nommés par le (1) Général Commandant la 10 Armée

202 3055 1601 127 M. Capitaine Lapeyre Commissaire du Gouvernement;

202 3136 1454 111 M. Sergent Paquotte commis Greffier près ledit Conseil;

258 3197 2669 147 Lesquels ne se trouvent dans aucun des cas d'incompatibilité prévus par les articles 22, 23 et 24 du Code précités;

253 3288 3008 137 Le Conseil, convoqué par l'ordre du commandant, conformément à l'article 111 du Code de justice militaire, s'est réuni dans

202 3359 1327 131 le lieu ordinaire de ses séances, en audience publique (2)

253 3389 3039 167 A l'effet de juger le soldat Thuillier, Bienaimé Sylvain Philogène, fils de Charles

167 3500 3104 137 et de Estelle Duboile, né le 3 janvier 1885, à Saint-Léger-les-Domart

192 3592 2294 116 département de la Somme, arrondᵗ de Doullens, profession de Caoutchoutier

192 3657 1727 117 résidant, avant son entrée au service, à Colombes (Seine)

238 3718 2785 152 Taille d'un mètre 580 millimètres, cheveux noir foncé, front Bas

207 3809 2568 127 yeux noirs, nez rectiligne, visage ovale

258 3885 1236 111 Renseignements physionomiques complémentaires:

248 3910 2486 177 Marques particulières: Marié - 5 enfants - territorial - cl. 1905.

197 4027 2613 182 (3) Du 100^e Régt Territ^al d'Infanterie - 16^e Compagnie

1205 4153 831 177 Inculpé de viol

1190 4350 1134 162 Condamnation antérieure

531 4527 2745 213 5 octobre 1895 - b^al d'Amiens - Coups et blessures - acquitté (sans dicernᵗ) remis à ses parents.

258 5327 2978 86 (1) Le gouverneur civil ou militaire. - Le général commandant le corps d'armée (France). Le général commandant la division militaire, la division ou

212 5352 2411 111 la brigade d'occupation, etc... – ou le ministre de la guerre, selon les cas prévus par l'article 8 du Code de justice militaire.

243 5398 2998 126 (2) Si le huis clos a été ordonné, le dire en visant l'article 113 du Code de justice militaire ; il ne peut être ordonné que pour les débats, et tous les jugements

207 5479 719 106 doivent être prononcés publiquement.

263 5489 2021 177 (3) Indiquer le crime ou le délit sur lequel l'accusé a été traduit devant de Conseil de guerre (art. 140).

278 5711 431 101 FORMULE N^o 16.
