3731 6062
429 207 3018 176 La séance ayant été ouverte, le Président a fait apporter et déposer devant lui, sur le bureau, un exemplaire du Code du justice

353 318 2978 131 militaire, du Code d'instruction criminelle et du code pénal ordinaire, et ordonné à la garde d'amener l'accusé, qui a

374 414 3225 111 été introduit, libre et sans fers, devant le Conseil, accompagné de son défenseur le conducteur Tesson du Service

374 479 1076 167 automobile du Q. G. de l'armée

414 828 2578 157 Interrogé de ses nom, prénoms, âge, lieu de naissance, état profession et domicile

424 929 3241 136 il a répondu se nommer Thuillier Bienaimé Sylvain Philogène, 33 ans, né à Sᵗ Léger les Domart

333 1010 2407 177 (Somme) marié, 5 enfants, caoutchoutier, domicilié à Colombe (seine)

404 1798 3008 172 Le Président, après avoir fait lire par le greffier de convocation, le rapport prescrit par l'article 108 du Code de justice

288 1914 2912 121 militaire, et les pièces dont la lecture lui a paru nécessaire, a fait connaître a l'accusé les faits à raison desquels il est

338 2000 2589 116 poursuivi, et lui a donné, ainsi qu'au défenseur, l'avertissement indiqué en l'article 121 dudit Code;

404 2066 1289 106 Après quoi, il a procédé à l'interrogatoire d accusé

1739 2071 1708 121 et a fait entendre publiquement et séparément les témoins à charge (1)

894 2152 2503 131 ; lesdits témoins ayant au préalable prêté serment de parler sans haine et sans crainte, jure de dire toute

353 2207 602 136 vérité et rien que la vérité;

409 2450 2988 192 Et le Président ayant, en outre, rempli à leur égard les formalités proscrites par las articles 317 et 319 du Code d'instruction

353 2535 253 117 criminelle;

394 2626 81 117 (2)

379 3162 3139 146 Ouï M. le Commissaire du Gouvernement en ses réquisitions tendant à ce que (3) une expertise mentale du soldat

267 3222 1446 218 Thuillier par trois experts soit ordonnée

293 3687 3104 167 et l'accusé dans ses moyens de défense, tant par lui que par son défenseur, lesquels ont

308 3788 3089 152 déclaré n'avoir rien à ajouter à leurs moyens de défense, et ont eu la parole les derniers, le Président a déclaré les débats terminés,

308 3874 1517 101 et il a ordonné au défenseur et à l'accusé de se retirer.

364 4096 3028 157 L'accusé a été reconduit par l'escorte à la prison; le Commissaire du Gouvernement, le Greffier et les assistants dans

313 4187 1314 122 l'auditoire de sont retirés sur l'invitation du Président (4);

364 4283 778 106 Le Conseil délibérant à huis clos,

1167 4263 2225 157 le Président a posé la question, conformément à l'article 132 du Code de justice

318 4344 586 111 militaire, ainsi qu'il suit:

353 5132 612 56 (1) Et à décharge (s'il y en a).

348 5132 3019 157 (2) Indiquer si des témoins ont été entendus sans prestation de serment, et pour quel motif; dire que les pièces de conviction, s'il y en a, ont été représentées.

298 5203 3069 136 Indiquer, en outre, ses incidents qui ont pu ce produire, en ayant soin de préciser à quel moment du débat ils ont en lieu, ses conclusions des parties, les

313 5278 3048 132 réquisitions du ministère public, les moyens de défense présentés par l'accusé, et enfin le jugement motivé du Conseil. Dans le cas où le blanc laisse ici ne suf-

303 5329 3064 141 firait pas pour insérer toutes ces mentions, on devra indiquer l'incident et le moment du débat il s'est produit, en ajoutant qu'il y a été statué par jugement

288 5385 3079 151 séparé, lequel est joint et annexé au présent, et alors le jugement séparé doit indiquer la publicité de l'audience, se terminer par la même formule et être signé

293 5460 3079 152 de la même manière que le jugement principal, en mentionnant qu'il y sera annexé comme en taisant partie. En cas de suspension d'audience et de remise au

288 5521 1961 121 lendemain, la mention qui constate cette remise est signée par le Président et le Greffier seulement.

343 5587 2644 131 (3) Indiquer si les réquisitions tendent à la déclaration de culpabilité et, dans ce cas, les articles de loi dont l'application est demandée.

338 5652 2265 127 (4) S'il y a une chambre des délibérations, on mettra que le Tribunal s'est retiré dans la chambre des délibérations.

530 5723 1512 157 Conseil de guerre. - N^o 967 de la Nomenclature générale. - Formule n^o 16.
