3824 6087
457 192 3057 254 est il coupable d'avoir aux mêmes dates et lieu aidé avec

453 361 3164 200 connaissance de cause, l'auteur de la tentation ci-dessus spécifiées,

446 466 2220 186 avec les faits qui l'ont preparée et consommée?

328 1328 2971 109 Les voix recueillies séparément, conformément à l'article 131 du Code de justice militaire, en commençant par le grade inférieur,

277 1410 1980 111 le Président ayant émis son opinion le dernier, le Conseil de guerre permanent déclare

270 1623 2812 155 sus la 1^er question: à la majorité de trois voix contre deux: non

280 1815 2833 170 sur la 2^e Question: à la majorité de trois voix contre deux: non

355 2576 233 95 Sur quoi,

589 2536 2711 142 et attendu les conclusions prises par le Commissaire du Gouvernement dans ses réquisitions, le Président a lu le texte

307 2654 3012 95 de la loi, recueilli de nouveau les voix dans la forme prescrite par les articles 131 et 134 du Code de justice militaire pour l'appli

314 2735 427 88 cation de la peine.

338 2789 2487 102 Le Conseil est rentré en séance publique, le Président a lu les motifs qui précèdent et le dispositif ci-dessous.

345 2860 3093 115 En conséquence, le Conseil (1) de guerre acquitte le brigadier Delacombe et

331 2948 3252 105 le maréchal des Logis Huet, susqualifiés, de l'accusation, dirigée

331 3026 3117 115 coutre eux, et le Président ordonnée qu'ils soient mis en liberté

338 3111 3120 138 s'ils ne sont retenus pour autre causes par application de l'article

314 3205 3002 132 136 du Code de Justice militaire, dont il a donné lecture

350 5513 2961 112 (1) Avoir soin de spécifier, s'il y a lieu, après l'indication de la peine infligée, la décision motivée du Conseil relative à la non-imputation pour tout ou

304 5583 1320 91 partie de la détention préventive sur le durée de la peine prononcée.
