3750 6157
421 210 2969 169 La séance ayant été ouverte, le Président a fait apporter et déposer devant lui, sur le bureau, un exemplaire du Code du justice

359 343 2985 113 militaire, du Code d'instruction criminelle et du code pénal ordinaire, et ordonné à la garde d'amener l'accusé, qui a

354 415 3190 133 été introduit, libre et sans fers, devant le Conseil, accompagné de son défenseur d'office, le canonnier Faure,

333 518 1562 164 de la 14^e compagnie de projecteur

405 836 2553 179 Interrogé de ses nom, prénoms, âge, lieu de naissance, état profession et domicile

585 938 3005 159 répondu se nommer Saunier Gabriel Henri Elisé, 30 ans, né à chateaudouble

405 1026 3211 179 (Drôme), cultivateur, domicilié avant d'entrer au service à la Beaume

405 1139 3185 153 Cormillad(Drôme) et actuellement canonnier à la 6^e Batterie du

416 1246 1669 170 183^e Régiment d'artillerie coloniale

400 1806 2975 174 Le Président, après avoir fait lire par le greffier de convocation, le rapport prescrit par l'article 108 du Code de justice

333 1924 2867 118 militaire, et les pièces dont la lecture lui a paru nécessaire, a fait connaître a l'accusé les faits à raison desquels il est

344 2006 2563 123 poursuivi, et lui a donné, ainsi qu'au défenseur, l'avertissement indiqué en l'article 121 dudit Code;

385 2077 1294 108 Après quoi, il a procédé à l'interrogatoire de l'accusé

1715 2077 1670 118 et a fait entendre publiquement et séparément les témoins à charge (1)

893 2165 2471 128 ; lesdits témoins ayant au préalable prêté serment de parler sans haine et sans crainte, jure de dire toute la

339 2216 611 133 vérité et rien que la vérité;

395 2442 2980 174 Et le Président ayant, en outre, rempli à leur égard les formalités proscrites par las articles 317 et 319 du Code d'instruction

339 2555 236 123 criminelle;

390 2632 56 133 (2)

385 3114 3251 169 Ouï M. le Commissaire du Gouvernement en ses réquisitions tendant à ce que (3) l'accusé soit déclaré coupable

364 3242 3298 144 des faits relevés contre lui en l'ordre de mise en jugement et a ce qu'il

385 3329 3257 221 lui soit fait application des articles 231 - 232 - 234 du code de Justice

390 3458 503 154 militaire.

313 3673 3046 175 et l'accusé dans ses moyens de défense, tant par lui que par son défenseur, lesquels ont

318 3786 3031 144 déclaré n'avoir rien à ajouter à leurs moyens de défense, et ont eu la parole les derniers, le Président a déclaré les débats terminés,

308 3858 1510 123 et il a ordonné au défenseur et à l'accusé de se retirer.

380 4084 2974 174 L'accusé a été reconduit par l'escorte à la prison; le Commissaire du Gouvernement, le Greffier et les assistants dans

313 4171 1289 138 l'auditoire se sont retirés sur l'invitation du Président (4);

1628 4202 1767 107 le Tribunal s'est retiré dans la chambre des délibérations

364 4263 2980 154 Le Conseil délibérant à huis clos, le Président a posé la question, conformément à l'article 132 du Code de justice

308 4340 606 144 militaire, ainsi qu'il suit:

909 4350 2769 206 Le canonnier Saunier Gabriel Henri Elisée de la 6^e Batterie

282 4468 3164 165 du 183^e Régiment d'artillerie Lourde, est-il coupable de désertion à

282 4551 3344 174 l'intérieur en temps de guerre pour n'avoir pas rejoint son corps, aux

287 4633 3211 184 armées, le 3 octobre 1918, jour de l'expiration de sa permission, délais de

287 4720 3293 174 route compris, ni dans les cinq jours qui ont suivi, et être resté aussi

272 4787 3370 195 absent illégalement du 30 octobre 1918 au 10 octobre 1918, date à laquelle

292 4869 1952 148 il s'est mis en route volontairement?

359 5146 2969 138 (2) Indiquer si des témoins ont été entendus sans prestation de serment, et pour quel motif; dire que les pièces de conviction, s'il y en a, ont été représentées.

313 5187 3020 159 Indiquer, en outre, ses incidents qui ont pu ce produire, en ayant soin de préciser à quel moment du débat ils ont en lieu, ses conclusions des parties, les

297 5248 3031 159 réquisitions du ministère public, les moyens de défense présentés par l'accusé, et enfin le jugement motivé du Conseil. Dans le cas où le blanc laisse ici ne suf-

303 5336 3025 133 firait pas pour insérer toutes ces mentions, on devra indiquer l'incident et le moment du débat il s'est produit, en ajoutant qu'il y a été statué par jugement

297 5387 3042 149 séparé, lequel est joint et annexé au présent, et alors le jugement séparé doit indiquer la publicité de l'audience, se terminer par la même formule et être signé

303 5454 3030 143 de la même manière que le jugement principal, en mentionnant qu'il y sera annexé comme en taisant partie. En cas de suspension d'audience et de remise au

297 5505 1911 128 lendemain, la mention qui constate cette remise est signée par le Président et le Greffier seulement.

349 5577 2609 143 (3) Indiquer si les réquisitions tendent à la déclaration de culpabilité et, dans ce cas, les articles de loi dont l'application est demandée.

339 5633 2229 149 (4) S'il y a une chambre des délibérations, on mettra que le Tribunal s'est retiré dans la chambre des délibérations.

529 5756 1505 118 Conseil de guerre. - N^o 967 de la Nomenclature générale. - Formule n^o 16.

359 5038 606 139 (1) Et à décharge (s'il y en a).
