3750 6157
488 205 3154 184 Enjoint au Commissaire du Gouvernement de faire donner immédiatement en sa présence lecture du présent jugement au condamné

960 328 2723 128 devant la garde rassemblée sous les armes, et de lui donner en outre l'avertissement prescrit par l'article

421 389 3005 139 de  avertir que la loi  accorde un délai de trois jours francs pour se pourvoir en cassation (1), ou de vingt-quatre heures

421 487 637 113 pour se pourvoir en revision

1073 487 1058 128 (2). 3 dela loi du 26 mars 1891

472 615 2548 154 Fait, clos et jugé sans désemparer, en séance publique, à Mayence, les jour, mois et an que dessus.

452 774 2994 118 En conséquence, LE PRÉSIDENT DE LA RÉPUBLIQUE MANDE et ORDONNE à tous huissiers sur ce requis de mettre ledit jugement à

405 872 3036 97 exécution; aux Procureurs généraux et aux Procureurs de la République près les tribunaux de première instance d'y tenir la

395 938 2712 108 main; à tous commandants et officiers de la force publique de prêter main-forte lorsqu'ils en seront légalement requis.

462 1062 2116 118 En foi de quoi le présent jugement a été signé par les Membres du Conseil et par le Greffier.

405.0 1159.0 411.0 231.0 +

647 1169 524 395 +

1977 1169 529 277 +

1304.0 1169.0 565.0 513.0 +

2676 1159 621 452 +

2825 1390 663 410 +

446 1811 2893 113 L'an mil neuf cent dix-neuf le 21 janvier le présent jugement a été lu par nous, Greffier soussigné, au condamné

1484 1893 1932 108 averti par le Commissaire du Gouvernement que l'article 44 de la loi du 17 avril

405 1944 2702 128 1906 accorde trois jours pour se pourvoir en cassation (1), ou que les articles 141 et 143 du Code de justice militaire

400 2021 2872 118 accordent vingt-quatre heures pour se pourvoir en revision (2), lesquels commencent à courir de l'expiration du présent jour.

3297 2036 139 103 Cette

395 2093 3149 133 lecture faite en présence de la garde rassemblée sous les armes. Le condamné a en outre reçu l'avertissement prescrit par

390 2165 996 97 l'article 3 de la loi du 26 mars 1891

1058 2252 755 118 Le Commissaire du Gouvernement,

1073 2324 606 313 +

2532 2252 283 103 Le Greffier,

2511 2288 571 308 +

1571 2688 643 154 EXÉCUTOIRE.

436 2945 2861 256 Vu la procédure instruite contre le nommé Saunier Gabriel Henri Elisée

375 3099 878 107 et les frais d'icelle dont le détail suit:

626 3186 2199 169 1^o Coût du transport des pièces et objets pouvant servie à conviction ou à décharge................. ......

621 3293 2204 119 2^o Honoraires des officiers de santé, médecins, chirurgiens civils, sages-femmes, experts, interprètes, traducteurs et

708 3360 2127 118 autres, appelés en justice.................................................................

621 3412 2204 128 3^o Indemnités accordées aux témoins civils et militaires..............................................

626 3483 2199 113 4^o Frais de garde de scellés et ceux de mise en fourrière.............................................

626 3545 2189 113 5^o Indemnités de route, de transport et de séjour, accordées aux membres des tribunaux militaires pour les dépla-

714 3612 2111 118 cements auxquels l'instruction des procédures peut donner lieu, ainsi que toutes autres dépenses nécessitées

724 3668 2091 118 de ce chef..............................................................................

621 3714 2214 128 6^o Port des lettres et paquets pour l'instruction, sauf le port des lettres résultant de l'application de la loi du

714 3786 2101 123 15 juin 1899............................................................................

626 3827 2199 149 7^o Frais l'impression des arrêts, jugements et ordonnances de justice, quand il y a lieu..................

631 3914 2194 108 8^o Prime de capture des contumax, des déserteurs et des insoumis......................................

621 3966 2409 138 9^o Frais résultant de l'obtention des extraits du casier judiciaire......................................... 0.25

606 4027 2219 134 10^o Prix du bulletin n^o 1 et du duplicata dudit (décret du 12 décembre 1899, art. 13).....................

606 4099 2214 118 11^o Coût des bulletins n^o 1 et du duplicata de ces bulletins établis par les greffiers des conseils de guerre au sujet

744 4161 2291 118 des condamnations prononcées par ces conseils (décret du 12 décembre 1899, art. 13).................... 0.40

606 4202 2383 154 12^o Frais de procédure ou coût du jugement........................................................ 12^f 00

595 4279 2225 128 13^o Amende.........................................................................................

595 4345 2225 123 14^o Décimes additionnels (en France)...............................................................

606 4402 2219 133 15^o Frais fixes de procédure devant la Cour de cassation ou le Conseil de revision...........................

595 4443 2225 154 16^o Frais fixes de procédure devant le Conseil de guerre jugeant en 2^e instance.............................

1392 4537 1731 209 TOTAL.................................................. 12.65

446 4694 3190 257 Vu le dispositif du jugement définitif, l'article 139 du Code de justice militaire, le Président du   Conseil de guerre du Q. G.

380 4822 3102 180 permanent de la 10^e liquide les frais dont l'état est ci-dessus à la somme de seize francs soixante cinq

364 4905 3062 159 centimes du montant de laquelle il délivre le présent exécutoire, pour le recouvrement de

359 4976 2944 159 ladite somme être poursuivi sur les biens présents et à venir du condamné, par les percepteurs des Contributions directes.

426 5053 2984 154 En conséquence, LE PRÉSIDENT DE LA RÉPUBLIQUE MANDE ET ORDONNE a tous huissiers sur ce requis de mettre ledit jugement à

369 5110 3047 174 exécution; aux Procureurs généraux et aux Procureurs de la République près les tribunaux de première instance d'y tenir la

369 5202 2718 149 main; à tous commandants et officiers de la force publique de prêter main-forte lorsqu'ils en seront légalement requis.

441 5274 2677 190 Fait en la Chambre du Conseil de guerre susdit, à Mayence, le 21 Janvier 1919

226 5336 1181 143 Jugement exécutoire du 21 janvier 1919

159 5423 1587 149 Détention préventive du 17 octobre 1918 au 23 janviee 1919

154.0 5654.0 411.0 256.0 +

688 5649 431 251 +

159 5536 308 154 Le Greffier

960.0 5541.0 1022.0 174.0 Le commissaire du gouvernement.

421 5592 786 67 En France, en Algérie et en Tunisie

410 5618 622 113 (2) Aux colonies et aux armées.

2327 5459 308 113 Le Président,

2265 5484 673 452 +
