3891 6140
317 1376 2949 189 Les voix recueillies séparément, conformément à l'article 131 du Code de justice militaire, ou commençant par le grade inférieur

250 1473 1971 143 le Président ayant émis son opinion le dernier, le Conseil de guerre permanent déclare

2303 1529 1244 113 Il a été voté au scrutin secret

255 1560 3149 179 sun chaque question, ainsi que sur les circonstance atténuantes et

261 1637 3276 169 l'application de la loi de sursis conformément à l'article 131 du code

271 1734 983 143 de Justice militaire..

240 1811 3328 164 Le Président a dépouillé chaque scrutin en présence des juges du Conseil de guerre

250 1928 2570 149 de ces dépouillements successifs, il résulte que le conseil déclare

819 2062 1745 158 à l'unanimité: oui

343 2215 2703 200 A la Majorité, il existe des circonstances atténuantes

291 2599 2975 210 Sur quoi, et attendu les conclusions prises par le Commissaire du Gouvernement dans ses réquisitions, le Président a lu le texte

240 2716 195 118 de la loi,

455 2727 2790 143 , recueilli de nouveau les voix dans la forme prescrite par les articles 131 et 134 du Code de militaire pour l'appli-

240 2793 405 108 cation de la peine.

727 2798 2861 138 et le conseil a délibéré sur l'application de la peine, conformément à l'article 134 du

291 2865 2478 164 Le Conseil est rentré en séance publique, le Président a lu les motifs que précèdent et le dispositif ci-dessous.

2800 2911 799 107 code la Justice militaire

281 2931 701 133 En conséquence, le Conseil (1)

1013 2962 2596 143 Le Président a recueilli les voix, en commençant par le grade inférieur

302 3018 1320 113 et a émis son opinion le dernier.

291 3070 3251 153 Le conseil est rentré en séance publique, le Président a lu les motifs qui précédent

281 3177 1085 107 et le dispositif ci-dessous.

501 3228 2990 149 En conséquence, le Conseil condamne le soldat Saunier, sur

312 3315 3205 174 qualifié, à l'unanimité à la peine de deux mois de prison aux

332 3438 3195 164 frais envers l'Etat, et fixe au minimum la durée de la contrainte

332 3540 2995 159 par corps et considérant que l'inculpé n'a pas subi de

337 3617 3098 174 Condamnation antérieure, que ses antécédents justifient une mesure

343 3724 3158 169 d'indulgence le conseil à l'unanimité, déclare qu'il sera sursis à

383 3817 3139 153 l'exécution de la peine le tout par application des articles 251, 252,

378 3909 3180 179 254, 139 du code de Justice militaire, 1^er des Lois des 19 juillet 1901, 27

343 4001 3061 163 avril 1916, 26 mars 1891, 28 juin 1904, 2 de celle du 27 avril 1916, et

343 4113 3041 164 9 de celle du 22 Juillet 1867. = Les textes visés ont été lus par le

327 4200 3231 169 Président à l'audience, ceux relatifs à la pénalité sont ainsi conçus:

665 4313 2893 143 Art. 252 C J M. « Tout soldat coupable de Désertion à l'intérieur

317 4384 3159 164 « est puni de deux ans à Cinq ans de travaux publics si la désertion

307 4507 1490 174 « a eu lieu en temps de guerre. »

691 4538 2795 230 Art -1^er Loi du 27 avril 1916. « Si la peine est celle + + des

317 4666 3143 240 « travaux publics, le conseil appliquera un emprisonnement de deux mois à

284 4870 550 119 « cinq ans. »

240 5618 2980 117 (1) Avoir soin de spécifier, s'il y a lieu, après t'indication de la peine infligée, la décision motivée du Conseil relative à ma non-imputation pour tout ou

194 5664 1347 133 partie de la détention préventive sur la durée de la peine prononcée.
