3750 6157
426 179 2964 267 La séance ayant été ouverte, le Président a fait apporter et déposer devant lui, sur le bureau, un exemplaire du Code du justice

359 307 2959 216 militaire, du Code d'instruction criminelle et du code pénal ordinaire, et ordonné à la garde d'amener l'accusé, qui a

354 338 3308 267 été introduit, libre et sans fers, devant le Conseil, accompagné de son défenseur d'office, le canonnier Faure

303 533 1366 169 de la 14^e C^ie de projecteurs

431 836 2522 236 Interrogé de ses nom, prénoms, âge, lieu de naissance, état profession et domicile

436 928 3262 236 a répondu se nommer Richardot Eugène, 31 ans, né à Paris 6^e arrondissement, ouvrier

174 1015 3498 262 agricole domicilié avant son entrée au service à Jussey (H^te Saône) et actuellement

441 1128 2810 247 canonnier à la 1^ere Batterie du 82^e Régiment d'Artillerie Lourde

436 1795 2980 231 Le Président, après avoir fait lire par le greffier de convocation, le rapport prescrit par l'article 108 du Code de justice

405 1908 2892 195 militaire, et les pièces dont la lecture lui a paru nécessaire, a fait connaître a l'accusé les faits à raison desquels il est

390 1995 2574 185 poursuivi, et lui a donné, ainsi qu'au défenseur, l'avertissement indiqué en l'article 121 dudit Code;

441 2113 1274 139 Après quoi, il a procédé à l'interrogatoire de l'accusé

1777 2052 1680 164 et a fait entendre publiquement et séparément les témoins à charge (1)

965 2134 2456 185 ; lesdits témoins ayant au préalable prêté serment de parler sans haine et sans crainte, jure de dire toute la

400 2267 617 129 vérité et rien que la vérité;

462 2426 2964 257 Et le Président ayant, en outre, rempli à leur égard les formalités proscrites par las articles 317 et 319 du Code d'instruction

416 2621 262 144 criminelle;

462 2698 77 123 (2)

472 3057 3211 308 Ouï M. le Commissaire du Gouvernement en ses réquisitions tendant à ce que (3) L'accusé soit déclaré coupable

452 3222 3262 225 des faits relevés contre lui en l'ordre de mise en jugement et à ce qu'il lui soit

462 3335 3205 261 fait application des articles 231 - 232 - 234 du code de Justice Militaire

426 3642 3041 252 et l'accusé dans ses moyens de défense, tant par lui que par son défenseur, lesquels ont

421 3786 3041 185 déclaré n'avoir rien à ajouter à leurs moyens de défense, et ont eu la parole les derniers, le Président a déclaré les débats terminés,

416 3899 1494 164 et il a ordonné au défenseur et à l'accusé de se retirer.

488 4140 1417 159 L'accusé a été reconduit par l'escorte à la prison;

1926 4109 1531 144 le Commissaire du Gouvernement, le Greffier et les assistants dans

441 4227 1264 144 l'auditoire de sont retirés sur l'invitation du Président (4);

1731 4191 1839 139 Le Tribunal s'est retiré dans la chambre des délibérations

493 4279 2989 159 Le Conseil délibérant à huis clos, le Président a posé la question, conformément à l'article 132 du Code de justice

400 4402 647 108 militaire, ainsi qu'il suit:

976 4371 2707 205 Le Canonnier Richardot, Eugène, du 82^e Régiment d'artillerie

426 4489 3277 200 Lourde, 1^e Batterie est-il coupable de désertion à l'intérieur en temps de guerre, pour

416 4581 3200 165 n'avoir pas rejoint son corps, aux armées, le 12 novembre 1918, date de

400 4648 3314 169 l'expiration de sa permission, délais de route compris, ni dans les cinq jours

410 4725 3278 180 qui ont suivi, et d'être resté ainsi absent illégalement du 13 novembre

416 4776 3298 221 1918 au 25 novembre 1918, date de sa présentation au commissaire militaire

400 4889 1433 211 de la gare P L M. à Paris?

503 5171 606 77 (1) Et à décharge (s'il y en a).

498 5171 2964 139 (2) Indiquer si des témoins ont été entendus sans prestation de serment, et pour quel motif ; dire que les pièces de conviction, s'il y en a, ont été représentées.

452 5238 3025 128 Indiquer, en outre, ses incidents qui ont pu ce produire, en ayant soin de préciser à quel moment du débat ils ont en lieu, ses conclusions des parties, les

457 5295 3005 138 réquisitions du ministère public, les moyens de défense présentés par l'accusé, et enfin le jugement motivé du Conseil. Dans le cas où le blanc laisse ici ne suf-

467 5366 3010 123 firait pas pour insérer toutes ces mentions, on devra indiquer l'incident et le moment du débat il s'est produit, en ajoutant qu'il y a été statué par jugement

457 5418 3025 128 séparé, lequel est joint et annexé au présent, et alors le jugement séparé doit indiquer la publicité de l'audience, se terminer par la même formule et être signé

462 5484 3020 129 de la même manière que le jugement principal, en mentionnant qu'il y sera annexé comme en taisant partie. En cas de suspension d'audience et de remise au

462 5561 1911 113 lendemain, la mention qui constate cette remise est signée par le Président et le Greffier seulement.

503 5608 2599 133 (3) Indiquer si les réquisitions tendent à la déclaration de culpabilité et, dans ce cas, les articles de loi dont l'application est demandée.

513 5684 2225 129 (4) S'il y a une chambre des délibérations, on mettra que le Tribunal s'est retiré dans la chambre des délibérations.

693 5756 1490 154 Conseil de guerre. - N^o 967 de la Nomenclature générale. - Formule n^o 16.
