3891 6140
255 1279 2914 199 Les voix recueillies séparément, conformément à l'article 131 du Code de justice militaire, ou commençant par le grade inférieur

184 1391 1961 149 le Président ayant émis son opinion le dernier, le Conseil de guerre permanent déclare

2191 1442 1213 113 Il a été voté au scrutin secret

194 1478 3231 164 sur chaque question ainsi que sur les circonstances atténuantes et l'application

194 1565 3333 164 de la loi de sursis conformément à l'article 131 du code de Justice Militaire.- Le Président

194 1683 3292 159 a dépouillé chaque scrutin en présence des juges du Conseil de guerre. De ces dépouillements

209 1749 1460 169 successifs. il résulte que le conseil déclare

455 1893 2463 204 à la majorité de trois voix conte deux : oui

373 2067 2867 230 à la majorité, il existe des circonstances atténuantes

230 2563 2964 143 Sur quoi, et attendu les conclusions prises par le Commissaire du Gouvernement dans ses réquisitions, le Président a lu le texte

199 2655 205 113 de la loi,

424 2665 2755 118 recueilli de nouveau les voix dans la forme prescrite par les articles 131 et 134 du Code de militaire pour l'appli-

189 2727 445 107 cation de la peine.

660 2732 2713 117 et le conseil a délibéré sur l'application de la peine conformément à l'article 134 du code de

235 2809 2483 127 Le Conseil est rentré en séance publique, le Président a lu les motifs que précèdent et le dispositif ci-dessous.

2733 2819 599 123 Justice militaire

245 2885 717 113 En conséquence, le Conseil (1)

972 2896 2509 133 Le président a recueilli les voix, en commençant par le grade inférieur et

199 2936 1080 144 a émis son opinion le dernier.

225 2993 3133 184 Le conseil est rentré en séance publique, le Président a lu les motifs qui précédent et le

240 3131 712 128 dispositif ci-dessous.

814 3146 2672 174 En conséquence, le conseil condamne Richardot susqualifié

271 3264 3256 159 à l'unanimité à la peine de trois mois de prison, aux fais envers

255 3366 3257 144 l'Etat, et fixe au minimum la durée de la contrainte par corps,

261 3433 3118 158 Et considérant que l'inculpé n'a pas subi de condamnation

230 3540 3225 144 antérieure, que ses antécedents justifient une mesure d'indulgence,

250 3637 3077 169 le conseil à l'unanimité déclare qu'il sera sursis à l'exécution

215 3740 3251 153 de la peine, ce tant par application des articles 231 , 232, 234, 139 du

245 3817 3205 163 code de Justice militaire, 1ᵉʳ des Lois ses 19 juillet 1901, 27 avril 1916, 26

230 3914 3195 148 Mars 1891, 28 Juin 1904,  & de celle du 27 avril 1916, et 9 de celle du

230 4016 793 159 22 Juillet 1867.

696 4072 2831 174 Les textes visés ont été lus par le Président à l'audience, ceux

225 4185 2329 138 relatifs à la pénalité sont ainsi conçus :

706 4287 2708 138 Art. 282 C J M. "Tout soldat coupable de désertion

215 4364 3215 154 " a l'intérieur est puni ... de deux ans à cinq ans de travaux

168 4466 2985 174 "publics si la désertion a eu lieu en temps se guerre?"

680 4564 2821 163 Art.1 Loi du 27 avril 1916-" Si la peine est celle des travaux

235 4666 3051 230 " publics, le conseil appliquera un emprisonnement de deux mais à

220 4814 594 236 "cinq ans."

215 5566 2964 113 (1) Avoir soin de spécifier, s'il y a lieu, après t'indication de la peine infligée, la décision motivée du Conseil relative à ma non-imputation pour tout ou

168 5638 1326 138 partie de la détention préventive sur la durée de la peine prononcée.
