3750 6157
498 210 2753 195 Enjoint au Commissaire du Gouvernement de faire donner immédiatement en sa présence lecture du présent jugement a

457 343 1520 134 l'acquitté devant la garde rassemblée sous les armes,

446 369 3011 185 de avertir que la loi accorde un délai de trois jours francs pour se pourvoir en cassation (1), ou de vingt quatre heures

452 507 708 129 pour se pourvoir en revision (2).

498 600 2517 185 Fait, clos et jugé sans désemparer, en séance publique, à Mayence, les jour, mois et an que dessus.

498 743 2959 180 En conséquence, LE PRÉSIDENT DE LA RÉPUBLIQUE MANDE et ORDONNE à tous huissiers sur ce requis de mettre ledit jugement à

436 841 3021 169 exécution; aux Procureurs généraux et aux Procureurs de la République près les tribunaux de première instance d'y tenir la

431 913 2697 179 main; à tous commandants et officiers de la force publique de prêter main-forte lorsqu'ils en seront légalement requis.

503 1056 2111 165 En foi de quoi le présent jugement a été signé par les Membres du Conseil et par le Greffier.

1479 1231 596 303 +

2342 1231 452 328 +

750.0 1190.0 770.0 421.0 +

2979.0 1046.0 745.0 554.0 +

261.0 1190.0 612.0 554.0 +

1839 1544 683 282 +

508 1811 2420 128 L'an mil neuf cent dix neuf le trente un Janvier le présent jugement a été lu par nous, Greffier soussigné, a

1515 1867 1952 128 averti par le Commissaire du Gouvernement que l'article 44 de sa loi du 17 avril

457 1959 2697 118 1906 accorde trois jours pour se pourvoir en cassation (1), ou que les articles 141 et 143 du Code de justice militaire

446 2021 3011 149 accordent vingt-quatre heures pour se pourvoir en revision (2), lesquels commencent à courir de l'expiration du présent jour. Cette

446.0 2108.0 1429.0 123.0 lecture faite en présence de la garde rassemblée sous les armes.

1089 2237 780 102 Le Commissaire du Gouvernement,

878.0 2380.0 313.0 282.0 +

1438.0 2355.0 370.0 261.0 +

2573 2237 262 107 Le Greffier,

2393 2324 853 456 +

1628 2688 627 190 EXÉCUTOIRE.

498.0 2955.0 2835.0 185.0 Vu la procédure instruite conte le Soldat Parisot Alphont Ernest

426 3104 883 133 et les frais d'icelle dont le détail suit:

693 3211 2178 139 1^o Coût du transport des pièces et objets pouvant servie à conviction ou à décharge................. ......

688 3304 2193 97 2^o Honoraires des officiers de santé, médecins, chirurgiens civils, sages-femmes, experts, interprètes, traducteurs et

765 3376 2106 97 autres, appelés en justice.................................................................

688 3406 2183 118 3^o Indemnités accordées aux témoins civils et militaires..............................................

688 3494 2178 92 4^o Frais de garde de scellés et ceux de mise en fourrière.............................................

693 3545 2173 92 5^o Indemnités de route, de transport et de séjour, accordées aux membres des tribunaux militaires pour les dépla-

775 3606 2101 103 cements auxquels l'instruction des procédures peut donner lieu, ainsi que toutes autres dépenses nécessitées

780 3668 2096 98 de ce chef..............................................................................

688 3714 2193 134 6^o Port des lettres et paquets pour l'instruction, sauf le port des lettres résultant de l'application de la loi du

791 3807 2085 92 15 juin 1899............................................................................

693 3853 2183 108 7^o Frais l'impression des arrêts, jugements et ordonnances de justice, quand il y a lieu..................

688 3919 2188 113 8^o Prime de capture des contumax, des déserteurs et des insoumis......................................

683 3976 2198 108 9^o Frais résultant de l'obtention des extraits du casier judiciaire.........................................

678 4043 2198 107 10^o Prix du bulletin n^o 1 et du duplicata dudit (décret du 12 décembre 1899, art. 13).....................

672 4104 2209 108 11^o Coût des bulletins n^o 1 et du duplicata de ces bulletins établis par les greffiers des conseils de guerre au sujet

811 4171 2060 108 des condamnations prononcées par ces conseils (décret du 12 décembre 1899, art. 13)....................

672 4217 2369 128 12^o Frais de procédure ou coût du jugement........................................................ 12^f 00

667 4289 2214 113 13^o Amende.........................................................................................

662 4350 2224 118 14^o Décimes additionnels (en France)...............................................................

667 4412 2214 118 15^o Frais fixes de procédure devant la Cour de cassation ou le Conseil de revision...........................

667 4474 2214 128 16^o Frais fixes de procédure devant le Conseil de guerre jugeant en 2^e instance.............................

1479 4576 1407 159 TOTAL..................................................

529 4730 3185 180 Vu le dispositif du jugement définitif, l'article 139 du Code de justice militaire, le Président du   Conseil de guerre Q. G.

457 4843 2198 123 permanent de la 10^e Armée liquide les frais dont l'État est ci-dessus à la somme de

1582 4925 1900 134 du montant de laquelle il délivre le présent exécutoire, pour le reconouvrement de

446 4961 2939 169 ladite somme être poursuivi sur les biens présents et à venir d condamné, par les percepteurs des Contributions directes.

513 5053 2969 139 En conséquence, LE PRÉSIDENT DE LA RÉPUBLIQUE MANDE ET ORDONNE à tous huissiers sur ce requis de mettre ledit jugement à

457 5135 3025 144 exécution; aux Procureurs généraux et aux Procureurs de la République près les tribunaux de première instance d'y tenir la

457 5212 2717 134 main; à tous commandants et officiers de la force publique de prêter main-forte lorsqu'ils en seront légalement requis.

518 5289 3201 154 Fait en la Chambre du Conseil de guerre susdit, à Mayence, le trente un Janvier mil neuf dix ne

210 5377 1423 138 Jugement exécutoire du 31 Janvier 1919

164 5464 2055 149 Dettention preventive du 2 Janvier 1919 au 5 fevrier 1919

159 5566 318 170 Le Greffier

184.0 5628.0 488.0 313.0 +

1130 5597 986 134 Le Commissaire du Gouvernement

1022 5695 719 190 +

539 5551 745 113 (1) En France, en Algérie et en Tunisie

534 5623 580 123 (2) Aux colonies et aux armées.

2388 5387 308 179 Le Président,

2234 5454 755 451 +
