3891 6140
296 1371 2944 199 Les voix recueillies séparément, conformément à l'article 131 du Code de justice militaire, ou commençant par le grade inférieur

235 1494 1971 127 le Président ayant émis son opinion le dernier, le Conseil de guerre permanent déclare

2257 1519 1275 118 Il a été voté au scrutin secret sur

215 1560 568 113 chaque question

824 1581 2662 112 ainsi que sur les circonstances atténuantes et l'application de la loi de sursis

245 1647 3318 123 conformément à l'article 131 du code de Justice militaire. Le Président a dépouillé chaque scrutin

245 1724 3292 123 en présence des juges du Conseil de guerre.- De ces dépouillements successifs, il resulte que le

261 1801 558 92 Conseil déclare

511 1847 2100 163 à l'unanimité les voix: oui

271 1918 3133 200 attendu qu'il y a lieu de tenir compte des antécédents du prévenu tels qu'ils

276 2056 3138 154 ressortent au dossier et notamment du fait que Lecardonnel a été mis en

286 2138 2140 174 observation en octobre 1918 pour troubles mentaux

286 2189 3221 210 attendu qu'il y a lieu de tenir compte des renseignements fournis tant par le

291 2328 2304 158 commissaire du gouvernement que par le défenseur

481 2415 2032 148 vu l'article 129 du code de Justice militaire

450 2502 1956 158 à l'unanimité des voix: oui

296 2640 205 143 Sur quoi

527 2635 2729 168 et attendu les conclusions prises par le Commissaire du Gouvernement dans ses réquisitions, le Président a lu le texte

240 2732 3011 138 de la loi, recueilli de nouveau les voix dans la forme prescrite par les articles 131 et 134 du Code de militaire pour l'appli-

230 2824 3277 107 cation de la peine. et le conseil à délibéré sur l'application de la peine conformément à l'article 134 du code de

281 2890 3051 118 Le Conseil est rentré en séance publique, le Président a lu les motifs que précèdent et le dispositif ci-dessous. Justice militaire

296 2967 3221 118 En conséquence, de Conseil (1) Le Président a recueilli les voix, en commençant par le grade inférieur

296 3039 1122 102 et a émis son opinion le dernier

281 3049 3144 164 Le conseil est rentré en séance publique, le Président a lu les motifs qui précédent et le

281 3177 748 97 dispositif ci-dessous.

291 3187 3210 220 En conséquence le conseil jugeant avant faire droit, ordonne

281 3320 3118 215 que le canonnier Le Cardonnel albert georges soit soumis à un

302 3433 3123 184 examen mental; Enjoint au commissaire du gouvernement de

327 3530 3139 220 faire les diligences pour l'exécution du présent jugement ordonne

332 3637 3026 220 que l'affaire du canonnier Le Cardonnel sera renvoyée à une

312 3714 3189 261 date qui sera ultérieurement fixée par M. le Général commandant

332 3832 3246 240 la 10^eme armée pour les débats être recommencés en entier, conformément

317 3944 3184 231 à l'article 129 du code de Justice militaire sus visé dont le Président

317 4042 3102 256 a donné publiquement lecture et qui est ainsi conçu: «... Le

322 4154 3138 241 conseil prononce la suspension des débats à la majorité des

332 4241 3118 256 voix, et, dans le cas où la suspension dure plus de quarante huit

353 4384 2268 292 heures, les débats sont recommencés en entier. »

250 5628 3001 107 (1) Avoir soin de spécifier, s'il y a lieu, après t'indication de la peine infligée, la décision motivée du Conseil relative à ma non-imputation pour tout ou

184 5674 1351 128 partie de la détention préventive sur la durée de la peine prononcée.
