4000 6078
648 202 2870 167 Enjoint au Commissaire du Gouvernement de faire donner immédiatement en sa présence lecture du présent jugement au

608 273 3260 172 Condamné devant la garde rassemblée sous les armes, et de lui donner en outre l'avertissement prescrit

593 364 3016 137 de avertir que la loi accorde un délai de trois jours francs pour se pourvoir en cassation (1), ou de vingt-quatre heures

577 465 715 127 pour se pourvoir en revision (2).

1338 445 1764 177 par l'article 3, de la loi du 26 mars 1891.

648 592 2520 157 Fait, clos et jugé sans désemparer, en séance publique, à Mayence, les jour, mois et an que dessus.

623 739 2986 147 En conséquence, LE PRÉSIDENT DE LA RÉPUBLIQUE MANDE et ORDONNE à tous huissiers sur ce requis de mettre ledit jugement à

583 830 3031 142 exécution; aux Procureurs généraux et aux Procureurs de la République près les tribunaux de première instance d'y tenir la

567 906 2713 142 main; à tous commandants et officiers de la force publique de prêter main-forte lorsqu'ils en seront légalement requis.

628 1083 2119 87 En foi de quoi le présent jugement a été signé par les Membres du Conseil et par le Greffier.

1455.0 1175.0 623.0 298.0 +

2387.0 1235.0 502.0 309.0 +

359.0 1109.0 665.0 557.0 +

724 1129 710 501 +

3067 1083 770 578 +

1662 1478 847 335 +

638 1777 2976 132 L'an mil neuf cent quatorze le dix-huit novembre le présent jugement à été lu par nous, Greffier soussigné, au condamné

1647 1863 1967 102 averti par le Commissaire du Gouvernement que l'article 44 de la loi du 17 avril

588 1929 2702 117 1906 accorde trois jours pour se pourvoir en cassation (1), ou que les articles I41 et 143 du Code de justice militaire

572 1995 3037 117 accordent vingt-quatre heures pour se pourvoir en revision (2), lesquets commencent à courir de l'expiration du présent jour. Cette

3650 1919 147 198 Cette

572 2076 3230 112 lecture faite en présence de la garde rassemblée sous les armes. Le condamné a reçu en outre l'avertissement

577 2152 2363 122 prescrit par les articles 3 de la loi du 26 mars. 1891

1242 2238 755 96 Le Commissaire du Gouvernement,

1064.0 2355.0 254.0 243.0 +

1586.0 2314.0 543.0 284.0 +

2722 2238 253 81 Le Greffier,

2514.0 2258.0 994.0 426.0 +

1749 2664 643 142 EXÉCUTOIRE.

623 2887 2322 233 Vu la procédure instruite contre le Soldat Salvia Joseph.Victor

562 3069 877 177 et les frais d'icelle dont le détail suit:

821 3170 2195 152 1^o Coût du transport des pièces et objets pouvant servie à conviction ou à décharge................. ......

811 3282 2200 106 2^o Honoraires des officiers de santé, médecins, chirurgiens civils, sages-femmes, experts, interprètes, traducteurs et

907 3347 2099 102 autres, appelés en justice.................................................................

811 3403 2200 101 3^o Indemnités accordées aux témoins civils et militaires..............................................

811 3464 2195 101 4^o Frais de garde de scellés et ceux de mise en fourrière.............................................

816 3530 2185 96 5^o Indemnités de route, de transport et de séjour, accordées aux membres des tribunaux militaires pour les dépla-

907 3580 2099 107 cements auxquels l'instruction des procédures peut donner lieu, ainsi que toutes autres dépenses nécessitées

912 3656 2094 81 de ce chef..............................................................................

821 3692 2195 121 6^o Port des lettres et paquets pour l'instruction, sauf le port des lettres résultant de l'application de la loi du

907 3778 2104 91 15 juin 1899............................................................................

816 3829 2190 106 7^o Frais l'impression des arrêts, jugements et ordonnances de justice, quand il y a lieu..................

811 3889 2200 102 8^o Prime de capture des contumax, des déserteurs et des insoumis......................................

806 3945 2382 122 9^o Frais résultant de l'obtention des extraits du casier judiciaire......................................... 0.25

801 4021 2225 86 10^o Prix du bulletin n^o 1 et du duplicata dudit (décret du 12 décembre 1899, art. 13).....................

801 4077 2225 106 11^o Coût des bulletins n^o 1 et du duplicata de ces bulletins établis par les greffiers des conseils de guerre au sujet

937 4127 2272 102 des condamnations prononcées par ces conseils (décret du 12 décembre 1899, art. 13)....................

795 4193 2398 107 12^o Frais de procédure ou coût du jugement........................................................

790 4264 2226 107 13^o Amende.........................................................................................

801 4325 2225 91 14^o Décimes additionnels (en France)...............................................................

806 4391 2210 101 15^o Frais fixes de procédure devant la Cour de cassation ou le Conseil de revision...........................

795 4436 2221 137 16^o Frais fixes de procédure devant le Conseil de guerre jugeant en 2^e instance.............................

1596 4528 1623 197 TOTAL.................................................. 12.65

601.0 4713.0 3243.0 149.0 Vu le dispositif du jugement définitif, l'article 139 du Code de justice militaire, le Président du  Conseil de guerre Q. G.

601.0 4815.0 2885.0 114.0 permanent de la 10^e Armée liquide les frais dont l'état est ci-dessus à la somme de douze francs.

547.0 4896.0 3088.0 111.0 soixante onze centimes. du montant de laquelle il délivre le présent exécutoire, pour le recouvrement de

560.0 4973.0 2980.0 102.0 ladite somme être poursuivi sur les biens présents et à venir d condamné, par les percepteurs des Contributions directes.

601.0 5044.0 3024.0 112.0 En conséquence, LE PRÉSIDENT DE LA RÉPUBLIQUE MANDE ET ORDONNE a tous huissiers sur ce requis de mettre ledit jugement à

554.0 5112.0 3074.0 108.0 exécution; aux Procureurs généraux et aux Procureurs de la République près les tribunaux de première instance d'y tenir la

550.0 5189.0 2767.0 105.0 main; à tous commandants et officiers de la force publique de prêter main-forte lorsqu'ils en seront légalement requis.

648 5232 3260 177 Fait en la Chambre du Conseil de guerre susdit, à Mayence, le trente un janvier mil neuf cent dix neuf

197 5301 1406 187 Jugement exécutoire du 31 Jauvres 1919

250 5417 1985 103 Détention preventive du 30 Decembre 1918 - au 5 février 1919

207 5612 497 253 +

1125.0 5566.0 938.0 248.0 +

228 5475 385 177 Le Greffier

1130 5475 1019 126 Le Commissaire du Gouvernement

648 5571 786 66 (1) En France, en Algérie et en Tunisie

659 5601 583 132 (2) Aux colonies et aux armées.

2529 5394 304 147 Le Président,

2311.0 5419.0 695.0 436.0 +
