3690 6140
450 179 2042 214 de la volonté de son auteur?_ _ _

348 327 3173 225 2^e Le même est-il coupable, d'avoir le sept septembre

424 491 3117 184 mel neuf cent dix huit, aux armées en tout cas depuis

445 598 3204 205 un temps non prescrit, fait usage d'une livret militaire

481 731 3086 220 qu'il savait falsifié afin d'obtenir une permission

475 859 2795 246 de détente à laquelle il n'avait pas droit? _ _ _

388 1320 2923 245 Les voix recueillies séparément, conformément à l'article 131 du Code de justice militaire, ou commençant par le grade inférieur

317 1427 1945 189 le Président ayant émis son opinion le dernier, le Conseil de guerre permanent déclare

2354 1519 1110 123 Il a été voté au scrutin secret

327 1529 3158 185 sur chaque question, ainsi que sur les circonstances atténuante et l'application de

317 1591 3132 199 la loi des sursis conformément à l'article 131 du code de justice militaire. Le

332 1688 3281 210 Président a dépouillé chaque scrutin en présence des juges du conseil de guerre. De

327 1780 1996 179 ces dépouillements il résulte que le conseil déclare:

419 1949 3153 286 Sur la 1^ere Question _ à la majorité de quatre voix contre une _ Oui _

419 2179 2032 215 sur la 2^e Question _ à l'unanimité.

3249 2230 241 215 Non

399 2369 2610 230 A la majorité, il existe des circonstances attenuantes.

296 2573 2999 241 Sur quoi, et attendu les conclusions prises par le Commissaire du Gouvernement dans ses réquisitions, le Président a lu le texte

281 2686 225 112 de la loi,

511 2696 2790 194 recueilli de nouveau les voix dans la forme prescrite par les articles 131 et 134 du Code de militaire pour l'appli-

281 2763 430 122 cation de la peine.

731 2778 2892 184 et le conseil a délibéré sur l'application de la peine conformément à l'article 134 du

337 2839 2472 179 Le Conseil est rentré en séance publique, le Président a lu les motifs qui précèdent et le dispositif ci-dessous.

2835 2916 783 128 code de justice militaire.

353 2906 675 158 En conséquence, le Conseil (1)

1064 2947 2528 199 Le Président à receuilli les voix en commençant par le grade infé

281 2983 1540 163 rieur et a émis son opinion le denier.

368 3090 3275 205 Le conseil est rentré en séance publique, le Président a lu les motifs qui précédent

276 3177 1090 159 et le dispositif ci-dessous:

358 3243 3301 215 En conséquence le condamne. Salvia sus qualifié à la majorité

353 3371 3296 205 de quatre voix contre une à la peine de deux mois de prison, aux

353 3494 3260 179 frais envers l'Etat et fixe au minimum, la durée de la contrainte par

286 3576 3265 194 corps, et considérant que l'inculpé n'a pas subi de condamnation

337 3668 3153 179 antérieure, que ses antécédents justifient une mesure d'indulgence, le

332 3770 3148 185 Conseil à l'unanimité déclare qu'il sera sursis à l'exécution de la

363 3873 3260 169 peine, le tout par application des articles. 177-179-463 du Code pénal 261

358 3985 3275 118 139 du code de Justice militaire 9 de la loi du 22 juillet 1867-1^er des Lois des 26 mars

353 4072 3280 123 1891, 28 juin 1904, et 2 de celle du 27 avril 1916, dont le Président a donné publiquement

363 4144 2692 133 lecture, ceux dont la pénalité a été appliguíe sont ainsi concus:

368 4241 2979 179 art. 261 . .... Toutefois si la tentation de corruption n'a eu aucun effet.

1033 4369 2462 179 la peine est de trois mois à six mois d'emprisonnement .. >>.

348 4610 3188 189 Art - 463. <<- Dans tous les cas où la peine de l'emprisonnement et celle de l'amende sont prononcees

859 4753 2743 143 par le code pénal, si les circonstances paraissent atténuantes, les tribunaux correctionnels

788 4845 2825 159 sont autorisés, meme en cas de recidive, à reduire l'emprisonnement même au dessous de

783 4937 2006 159 six jours et l'amende memé au dessous de 16 francs.

803 5029 2846 184 <<. ils pourront aussi prononcer séparement l'une ou l'autre de ces peines et même

772 5137 2790 199 substituer l'amende à l'emprisonnement, sans qu'en aucun cas elle puisse être

772 5244 1556 184 au dessous des peines de simple police.>>

230 5628 2984 112 (1) Avoir soin de spécifier, s'il y a lieu, après t'indication de la peine infligée, la décision motivée du Conseil relative à ma non-imputation pour tout ou

184 5638 1330 128 partie de la détention préventive sur la durée de la peine prononcée.
