3750 6157
410 236 2975 184 La séance ayant été ouverte, le Président a fait apporter et déposer devant lui, sur le bureau, un exemplaire du Code du justice

349 374 2995 128 militaire, du Code d'instruction criminelle et du code pénal ordinaire, et ordonné à la garde d'amener l'accusé, qui a

354 451 2918 144 été introduit, libre et sans fers, devant le Conseil, accompagné du défenseur d'office, le conducteur

369 528 1598 164 automobiliste Tesson du Q. G. de l'armée

416 867 2537 184 Interrogé de ses nom, prénoms, âge, lieu de naissance, état profession et domicile

590 964 2913 175 répondu se nommer Lecardonnel Albert georges, 20 ans, né au Lorey

405 1062 3077 148 (manche) cultivateur, domicilié, avant son entrée au service, au Lorey

436 1133 3129 185 et actuellement canonnier, 80^e Batterie du 11^e Régiment d'artillerie

400 1267 642 164 de campagne

405 1841 3000 165 Le Président, après avoir fait lire par le greffier de convocation, le rapport prescrit par l'article 108 du Code de justice

344 1959 2897 124 militaire, et les pièces dont la lecture lui a paru nécessaire, a fait connaître a l'accusé les faits à raison desquels il est

349 2036 2563 129 poursuivi, et lui a donné, ainsi qu'au défenseur, l'avertissement indiqué en l'article 121 dudit Code;

400 2124 1259 107 Après quoi, il a procédé à l'interrogatoire de l'accusé

1705 2098 1670 123 et a fait entendre publiquement et séparément les témoins à charge (1)

898 2185 2477 123 ; lesdits témoins ayant au préalable prêté serment de parler sans haine et sans crainte, jure de dire toute ma

359 2262 596 123 vérité et rien que la vérité;

416 2478 2959 159 Et le Président ayant, en outre, rempli à leur égard les formalités proscrites par las articles 317 et 319 du Code d'instruction

339 2596 262 113 criminelle;

405 2673 62 113 (2)

410 2621 3155 242 ouï le défenseur demandant à ce que le canonnier Lecardonnel

359 2765 1767 185 soit soumis à une expertise médicale

400 3160 1602 164 Ouï M. le Commissaire du Gouvernement en ses réquisitions tendant

1993 3119 1633 200 à ce que (3) l'accusé soit déclaré coupable

385 3268 3221 149 des faits relevés contre lui en l'ordre de mise en jugement et à ce qu'il lui

364 3340 3093 200 soit fait application de l'article 218 du code de Justice militaire

364 3473 1202 164 à des conclusions conformes

359 3724 3005 149 et l'accusé dans ses moyens de défense, tant par lui que par son défenseur, lesquels ont

349 3827 3015 128 déclaré n'avoir rien à ajouter à leurs moyens de défense, et ont eu la parole les derniers, le Président a déclaré les débats terminés,

339 3904 1474 123 et il a ordonné au défenseur et à l'accusé de se retirer.

405 4120 2959 164 L'accusé a été reconduit par l'escorte à la prison; le Commissaire du Gouvernement, le Greffier et les assistants dans

390 4217 1263 133 l'auditoire de sont retirés sur l'invitation du Président (4);

1638 4238 1932 107 Le Tribunal s'est retiré dans la chambre des délibérations

400 4304 2969 129 Le Conseil délibérant à huis clos, le Président a posé la question, conformément à l'article 132 du Code de justice

328 4371 612 128 militaire, ainsi qu'il suit:

416 4443 3133 195 y-a-t-il lieu de soumettre à une expertise médicale le canonnier

390 4561 3103 205 Lecardonnel et de renvoyer l'affaire du canonnier Lecardonnel

380 4679 1325 185 à une séance ultérieure?

385 5146 611 66 (1) Et à décharge (s'il y en a).

390 5146 2969 164 (2) Indiquer si des témoins ont été entendus sans prestation de serment, et pour quel motif; dire que les pièces de conviction, s'il y en a, ont été représentées.

323 5238 3036 133 Indiquer, en outre, ses incidents qui ont pu ce produire, en ayant soin de préciser à quel moment du débat ils ont en lieu, ses conclusions des parties, les

328 5305 3026 133 réquisitions du ministère public, les moyens de défense présentés par l'accusé, et enfin le jugement motivé du Conseil. Dans le cas où le blanc laisse ici ne suf-

328 5371 3041 124 firait pas pour insérer toutes ces mentions, on devra indiquer l'incident et le moment du débat il s'est produit, en ajoutant qu'il y a été statué par jugement

318 5418 3051 138 séparé, lequel est joint et annexé au présent, et alors le jugement séparé doit indiquer la publicité de l'audience, se terminer par la même formule et être signé

328 5495 3041 133 de la même manière que le jugement principal, en mentionnant qu'il y sera annexé comme en taisant partie. En cas de suspension d'audience et de remise au

328 5551 1932 113 lendemain, la mention qui constate cette remise est signée par le Président et le Greffier seulement.

375 5618 2635 123 (3) Indiquer si les réquisitions tendent à la déclaration de culpabilité et, dans ce cas, les articles de loi dont l'application est demandée.

369 5674 2250 123 (4) S'il y a une chambre des délibérations, on mettra que le Tribunal s'est retiré dans la chambre des délibérations.

565 5802 1510 98 Conseil de guerre. - N^o 967 de la Nomenclature générale. - Formule n^o 16.
