3750 6157
344 277 2979 236 La séance ayant été ouverte, le Président a fait apporter et déposer devant lui, sur le bureau, un exemplaire du Code du justice

313 400 2948 190 militaire, du Code d'instruction criminelle et du code pénal ordinaire, et ordonné à la garde d'amener l'accusé, qui a

292 430 3231 252 été introduit libre et sans fers, devant le Conseil, accompagné du défenseur le Sergent Miret Paul

364 554 2183 236 du service du chiffre de la 10^e Armée

380 887 2984 241 Interrogé de ses nom, prénoms, âge, lieu de naissance, état profession et domicile l'accusé

421 1000 2948 205 a répondu se nommer Parrisot _ alphonse - Ernest agé de 31 ans né a

477 1067 3139 231 Bavilliers, camionneur demeurant a Paris -175 rue de Charenton

498 1180 3133 246 actuellement soldat à la 2^e Batterie du 82^e Régiment d'Artillerie

513 1369 385 154 lourde.

385 1872 2969 231 Le Président, après avoir fait lire par le greffier de convocation, le rapport prescrit par l'article 108 du Code de justice

328 1975 2851 200 militaire, et les pièces dont la lecture lui a paru nécessaire, a fait connaître a l'accusé les faits à raison desquels il est

318 2057 2584 195 poursuivi, et lui a donné, ainsi qu'au défenseur, l'avertissement indiqué en l'article 121 dudit Code;

385 2119 2964 205 Après quoi, il a procédé à l'interrogatoire de accusé et a fait entendre publiquement et séparément les témoins à charge (1)

863 2206 2491 205 ; lesdits témoins ayant au préalable prêté serment de parler sans haine et sans crainte, jure de dire toute la

333 2344 617 129 vérité et rien que la vérité;

390 2519 2979 236 Et le Président ayant, en outre, rempli à leur égard les formalités proscrites par las articles 317 et 319 du Code d'instruction

333 2688 268 128 criminelle;

385 2760 87 123 (2)

395 3201 3077 226 Ouï M. le Commissaire du Gouvernement en ses réquisitions tendant à ce que (3) le sus nommé soit déclaré

431 3335 3092 189 coupable des faits releves contre lui dans l'ordre de mise en jugement

462 3442 3041 216 et qu'il lui soit fait application des articles 224 du Code de

472 3571 822 184 justice militaire

359 3760 3031 206 et l'accusé dans ses moyens de défense, tant par lui que par son défenseur, lesquels ont

364 3863 3031 174 déclaré n'avoir rien à ajouter à leurs moyens de défense, et ont eu la parole les derniers, le Président a déclaré les débats terminés,

349 3991 354 144 et il a ordonné

703 3981 473 164 au défenseur et

1202 3971 652 128 a l'accusé de se retirer.

431 4202 1413 164 L'accusé a été reconduit par l'escorte à la prison;

1864 4181 1526 149 le Commissaire du Gouvernement, le Greffier et les assistants dans

369 4304 1295 134 l'auditoire de sont retirés sur l'invitation du Président (4)

1669 4258 1952 149 le tribunal s'est retiré dans la chambre des déliberations

441 4356 2969 148 Le Conseil délibérant à huis clos, le Président a posé 1 2 question, conformément à l'article 132 du Code de justice

375 4474 601 112 militaire, ainsi qu'il suit:

441 4468 3170 252 Le Soldat Parisot Alphonse Ernest de la 2^eme Batterie du 82^e Régiment

441 4653 3154 164 d'artillerie lourde est il coupable, d'avoir le trente décembre

472 4766 3195 190 mil neuf cent dix huit, en tout cas depuis un temps non prescrit

503 4910 3144 154 outragé par paroles et menaces, le Brigadier Italien Alphonse

508 5023 3087 189 de la 2^e Batterie du 82^e d'Artillerie lourde, son supérieur?

446 5218 612 97 (1) Et à décharge (s'il y en a).

446 5218 2970 153 (2) Indiquer si des témoins ont été entendus sans prestation de serment, et pour quel motif ; dire que les pièces de conviction, s'il y en a, ont été représentées.

400 5310 3021 123 Indiquer, en outre, ses incidents qui ont pu ce produire, en ayant soin de préciser à quel moment du débat ils ont en lieu, ses conclusions des parties, les

400 5377 3026 118 réquisitions du ministère public, les moyens de défense présentés par l'accusé, et enfin le jugement motivé du Conseil. Dans le cas où le blanc laisse ici ne suf-

405 5443 3021 113 firait pas pour insérer toutes ces mentions, on devra indiquer l'incident et le moment du débat il s'est produit, en ajoutant qu'il y a été statué par jugement

400 5505 3031 113 séparé, lequel est joint et annexé au présent, et alors le jugement séparé doit indiquer la publicité de l'audience, se terminer par la même formule et être signé

395 5556 3046 123 de la même manière que le jugement principal, en mentionnant qu'il y sera annexé comme en taisant partie. En cas de suspension d'audience et de remise au

405 5623 1906 113 lendemain, la mention qui constate cette remise est signée par le Président et le Greffier seulement.

446 5690 2620 112 (3) Indiquer si les réquisitions tendent à la déclaration de culpabilité et, dans ce cas, les articles de loi dont l'application est demandée.

462 5746 2229 128 (4) S'il y a une chambre des délibérations, on mettra que le Tribunal s'est retiré dans la chambre des délibérations.

652 5874 1479 103 Conseil de guerre. - N^o 967 de la Nomenclature générale. - Formule n^o 16.
