3750 6157
436 194 3206 221 Enjoint au Commissaire du Gouvernement de faire donner immédiatement en sa présence lecture du présent jugement au condamné

929 292 2764 180 devant la garde rassemblée sous les armes, et de + lui donner ces actes d'avertissement

385 374 3020 185 de avertir que la loi accorde un délai de trois jours francs pour se pourvoir en cassation (1), ou de vingt-quatre heures

380 507 703 154 pour se pourvoir en révision (2)

1125 441 2136 215 prescrit par l'article 3 de la loi du 26 mars 1891

446 579 2523 221 Fait, clos et jugé sans désemparer, en séance publique, à Mayenne, les jour, mois et an que dessus.

431 728 2979 216 En conséquence, LE PRÉSIDENT DE LA RÉPUBLIQUE MANDE et ORDONNE à tous huissiers sur ce requis de mettre ledit jugement à

375 826 3035 184 exécution; aux Procureurs généraux et aux Procureurs de la République près les tribunaux de première instance d'y tenir la

375 913 2717 190 main; à tous commandants et officiers de la force publique de prêter main-forte lorsqu'ils en seront légalement requis.

436 1056 2106 180 En foi de quoi le présent jugement a été signé par les Membres du Conseil et par le Greffier.

529 1180 447 246 +

929.0 1154.0 504.0 349.0 +

1315.0 1277.0 529.0 328.0 +

1952 1221 529 364 +

2809 1149 504 446 +

3041 1385 580 390 +

457 1806 2943 133 L'an mil neuf cent dix-neuf le 21 janvier le présent jugement a été lu par nous, Greffier soussigné, au condamné

1484 1867 1942 134 averti par le Commissaire du Gouvernement que l'article 44 de la loi du 17 avril

400 1944 2692 154 1906 accorde trois jours pour se pourvoir en cassation (1), ou que les articles 141 et 143 du Code de justice militaire

395 2011 2872 154 accordent vingt-quatre heures pour se pourvoir en revision (2), lesquels commencent à courir de l'expiration du présent jour.

3308 1995 113 124 Cette

400 2088 3267 137 lecture faite en présence de la garde rassemblée sous les armes. Le condamné a reçu en outre l'avertissement

339 2193 1953 121 prescrit par l'article 3 de la loi du 26 mars 1891

1053 2252 775 108 Le Commissaire du Gouvernement,

1196.0 2349.0 478.0 252.0 +

2532 2252 272 82 Le Greffier,

2440.0 2252.0 642.0 416.0 +

1582.0 2688.0 637.0 154.0 EXÉCUTOIRE.

472 2837 2635 328 Vu la procédure instruite contre le nommé Richardot Eugène

405 3109 884 159 et les frais ficelle dont le détail suit:

652 3211 2183 144 1^o Coût du transport des pièces et objets pouvant servie à conviction ou à décharge................. ......

657 3304 2178 118 2^o Honoraires des officiers de santé, médecins, chirurgiens civils, sages-femmes, experts, interprètes, traducteurs et

744 3370 2096 98 autres, appelés en justice.................................................................

647 3427 2198 108 3^o Indemnités accordées aux témoins civils et militaires..............................................

657 3494 2183 102 4^o Frais de garde de scellés et ceux de mise en fourrière.............................................

657 3560 2178 103 5^o Indemnités de route, de transport et de séjour, accordées aux membres des tribunaux militaires pour les dépla-

755 3612 2085 118 cements auxquels l'instruction des procédures peut donner lieu, ainsi que toutes autres dépenses nécessitées

760 3678 2080 103 de ce chef..............................................................................

667 3735 2184 113 6^o Port des lettres et paquets pour l'instruction, sauf le port des lettres résultant de l'application de la loi du

760 3807 2091 102 15 juin 1899............................................................................

662 3873 2189 103 7^o Frais l'impression des arrêts, jugements et ordonnances de justice, quand il y a lieu..................

667 3930 2184 107 8^o Prime de capture des contumax, des déserteurs et des insoumis......................................

662 3976 2384 118 9^o Frais résultant de l'obtention des extraits du casier judiciaire......................................... 0.21

642 4043 2209 112 10^o Prix du bulletin n^o 1 et du duplicata dudit (décret du 12 décembre 1899, art. 13).....................

657 4114 2209 103 11^o Coût des bulletins n^o 1 et du duplicata de ces bulletins établis par les greffiers des conseils de guerre au sujet

780 4161 2255 112 des condamnations prononcées par ces conseils (décret du 12 décembre 1899, art. 13).................... 0.40

657 4243 2378 107 12^o Frais de procédure ou coût du jugement........................................................ 12^f 00

636 4299 2230 103 13^o Amende.........................................................................................

652 4366 2214 102 14^o Décimes additionnels (en France)...............................................................

657 4433 2209 92 15^o Frais fixes de procédure devant la Cour de cassation ou le Conseil de revision...........................

652 4489 2209 113 16^o Frais fixes de procédure devant le Conseil de guerre jugeant en 2^e instance.............................

1428 4556 1607 195 TOTAL.................................................. 12.65

493 4740 3210 175 Vu le dispositif du jugement définitif, l'article 139 du Code de justice militaire, le Président du   Conseil de guerre du Q. G.

441 4838 3201 133 permanent de la 10^e Armée liquide les frais dont l'état est ci-dessus à la somme de douze francs soixante mil

421 4935 3056 93 centimes du montant de laquelle il délivre le présent exécutoire, pour le recouvrement de

436 5012 2944 103 ladite somme être poursuivi sur les biens présents et à venir du condamné, par les percepteurs des Contributions directes.

493 5074 2989 113 En conséquence, LE PRÉSIDENT DE LA RÉPUBLIQUE MANDE ET ORDONNE à tous huissiers sur ce requis de mettre ledit jugement à

436 5151 3041 113 exécution; aux Procureurs généraux et aux Procureurs de la République près les tribunaux de première instance d'y tenir la

436 5233 2718 108 main; à tous commandants et officiers de la force publique de prêter main-forte lorsqu'ils en seront légalement requis.

503 5300 2589 143 Fait en la Chambre du Conseil de guerre susdit, à Mayence, de 21 Janvier 1919

236 5418 1387 102 Jugement exécutaire du 21 janvier 1919

190 5464 1710 133 Détention préventive du 25 novembre 1918 au 23 janvier 1919

184 5566 329 134 Le greffier

169.0 5623.0 437.0 262.0 +

1135 5536 1063 174 Le commissaire du gouvernement.

1114.0 5654.0 519.0 277.0 +

503 5551 765 128 (1) En France, en Algérie et en Tunisie.

503 5638 596 113 (2) Aux colonies et aux armées.

2378 5454 303 107 Le Président,

2332 5495 565 420 +
