3750 6157
493 118 2969 184 La séance ayant été ouverte, le Président a fait apporter et déposer devant lui, sur le bureau, un exemplaire du Code du justice

431 230 2908 149 militaire, du Code d'instruction criminelle et du code pénal ordinaire, et ordonné à la garde d'amener l'accusé, qui a

426 307 3159 175 été introduit, libre et sans fers, devant le Conseil, accompagné de son défenseur d'office le Marechal de

472 395 2810 179 Logis Delafont du servire automobile de la X^e armée

477 708 2512 205 Interrogé de ses nom, prénoms, âge, lieu de naissance, état profession et domicile

544 831 2882 154 a répondu se nommer Salvia - Joseph, Victor âgé de 27 ans né à

472 933 2789 144 La Calle (constatine)- célibataire - maçon domicilié a

508 1021 2908 210 Lacroix- (arrondissement de Constantine) actuellement soldat

518 1174 2461 180 à la Compagnie 40/7 du 21^e Régiment du Génie

446 1708 2944 185 Le Président, après avoir fait lire par le greffier de convocation, le rapport prescrit par l'article 108 du Code de justice

385 1800 2861 149 militaire, et les pièces dont la lecture lui a paru nécessaire, a fait connaître a l'accusé les faits à raison desquels il est

375 1893 2553 143 poursuivi, et lui a donné, ainsi qu'au défenseur, l'avertissement indiqué en l'article 121 dudit Code;

431 1959 2964 160 Après quoi, il a procédé à l'interrogatoire de l'accusé et a fait entendre publiquement et séparément les témoins à charge (1)

919 2042 2471 164 ; lesdits témoins ayant au préalable prêté serment de parler sans haine et sans crainte, jure de dire toute la

364 2098 627 164 vérité et rien que la vérité;

431 2314 2954 246 Et le Président ayant, en outre, rempli à leur égard les formalités proscrites par las articles 317 et 319 du Code d'instruction

369 2406 242 133 criminelle;

416 2508 72 124 (2)

416 2991 3092 251 Ouï M. le Commissaire du Gouvernement en ses réquisitions tendant à ce que (3) le susnommé soit déclaré

441 3129 3021 185 coupable des faits releves contre lui dans l'ordre de mise en juge

426 3227 2969 215 ment et qu'il lui soit fait application des articles. 177- 179-

436 3335 2147 179 et 148 du Code pénal 261 du code de J^ce M^re

333 3560 3021 200 et l'accusé dans ses moyens de défense, tant par lui que par son défenseur, lesquels ont

323 3663 3016 190 déclaré n'avoir rien à ajouter à leurs moyens de défense, et ont eu la parole les derniers, le Président a déclaré les débats terminés,

328 3745 1454 144 et il a ordonné au défenseur et à l'accusé de se retirer.

380 3955 1392 165 L'accusé a été reconduit par l'escorte à la prison

1808 3976 1541 195 le Commissaire du Gouvernement, le Greffier et les assistants dans

318 4058 1253 144 l'auditoire de sont retirés sur l'invitation du Président (4)

1597 4089 1998 184 Le Tribunal s'est retiré dans la chambre des délibérations

375 4135 2964 215 Le Conseil délibérant à huis clos, le Président a posé la question, conformément à l'article 132 du Code de justice

318 4197 606 148 militaire, ainsi qu'il suit:

333 4294 3108 231 1^o Le Soldat Salvice Joseph-Victor de la C^ie 40/7 du 21^e Genie, est-il

488 4402 523 123 coupable?

636 4484 2893 195 1^o d'avoir aux armée le cinq septembre mil neuf cent dix huit tenté de

339 4571 3236 164 corrompre son sergent major, en lui demandant un certificat etablissant contrairement à la vérité

354 4638 3205 169 qu'il n'avait pas eu de permission depuis le 2 mars 1918, en lui promettant de le recompenser par des

364 4710 3149 189 colis de tabacs d'Algerie ; laquelle tentative manifestee par un commencement

359 4776 3122 252 d'exécution n'a manqué son effet que par des circonstances independantes

349 5017 2954 185 (2) Indiquer si des témoins ont été entendus sans prestation de serment, et pour quel motif ; dire que les pièces de conviction, s'il y en a, ont été représentées.

297 5059 3006 200 Indiquer, en outre, ses incidents qui ont pu ce produire, en ayant soin de préciser à quel moment du débat ils ont en lieu, ses conclusions des parties, les

297 5135 3011 185 réquisitions du ministère public, les moyens de défense présentés par l'accusé, et enfin le jugement motivé du Conseil. Dans le cas où le blanc laisse ici ne suf-

297 5197 3016 190 firait pas pour insérer toutes ces mentions, on devra indiquer l'incident et le moment du débat il s'est produit, en ajoutant qu'il y a été statué par jugement

292 5253 3031 195 séparé, lequel est joint et annexé au présent, et alors le jugement séparé doit indiquer la publicité de l'audience, se terminer par la même formule et être signé

282 5310 3026 200 de la même manière que le jugement principal, en mentionnant qu'il y sera annexé comme en taisant partie. En cas de suspension d'audience et de remise au

277 5377 1921 159 lendemain, la mention qui constate cette remise est signée par le Président et le Greffier seulement.

328 5438 2605 185 (3) Indiquer si les réquisitions tendent à la déclaration de culpabilité et, dans ce cas, les articles de loi dont l'application est demandée.

323 5505 2235 185 (4) S'il y a une chambre des délibérations, on mettra que le Tribunal s'est retiré dans la chambre des délibérations.

518 5643 1490 129 Conseil de guerre. - N^o 967 de la Nomenclature générale. - Formule n^o 16.

349 4905 606 148 (1) Et à décharge (s'il y en a).
