3608 6140
230 1407 2896 189 Les voix recueillies séparément, conformément à l'article 131 du Code de justice militaire, ou commençant par le grade inférieur

174 1509 1934 143 le Président ayant émis son opinion le dernier, le Conseil de guerre permanent déclare

2134 1555 1044 102 Il a été voté au scrutin secret

168 1606 2994 123 sur chaque question, ainsi que sur les circonstances atténuantes et l'application de la

163 1683 3081 123 loi de sursis conformément à l'article 131 du code de justice militaire. Le Président

168 1744 3004 149 a dépouillé chaque scrutin en présence des juge du conseil de Guerre. De ces dé-

153 1816 1750 148 pouillements, il résulte que le conseil déclare:

240 1975 2815 255 A la majorité de quatre voix contre une - Non-

225 2665 2937 164 Sur quoi, et attendu les conclusions prises par le Commissaire du Gouvernement dans ses réquisitions, le Président a lu le texte

174 2763 199 122 de la loi

394 2773 2753 128 recueilli de nouveau les voix dans la forme prescrite par les articles 131 et 134 du Code de militaire pour l'appli-

174 2839 409 113 cation de la peine.

598 2849 2861 113 et le conseil a délibéré sur l'application de la peine conformément à l'article 134 du code

240 2921 2431 138 Le Conseil est rentré en séance publique, le Président a lu les motifs que précèdent et le dispositif ci-dessous.

2691 2936 712 123 de justice militaire

230 2988 680 133 En conséquence, le Conseil (1)

926 3013 2344 159 Le President a recueilli les voix, en commençant et pas le grade

168 3059 1556 118 inférieur et a émis son opinion le dernier.

348 3136 2896 154 Le conseil est rentré en séance publique, le Président a lu les motifs qui

174 3213 1412 179 précédent et le dispositif ci-dessous:

250 3310 3071 189 En conséquence le conseil Acquitte le soldat Parisot,

266 3479 3142 153 Alphonse . Ernest de la prévention dirigée contre lui et

271 3581 3219 210 le Président ordonne qu'il soit mis en liberté, s'il n'est

271 3714 3091 236 retenu pour autre cause, conformément à l'article 136

271 3883 2385 235 du code de Justice militaire ainsi conçu:

353 4001 3070 220 ------si l'accusé n'est pas reconnu coupable, le

337 4134 2912 250 conseil prononce son acquittement et le Président

373 4272 2973 266 ordonne qu'il soit mis en liberte s'il n'est retenu pour

317 4518 1054 153 autre cause .... »

204 5679 2963 113 (1) Avoir soin de spécifier, s'il y a lieu, après t'indication de la peine infligée, la décision motivée du Conseil relative à ma non-imputation pour tout ou

174 5730 1299 123 partie de la détention préventive sur la durée de la peine prononcée.
