3750 6157
493 338 1161 164 Enjoint au Commissaire du Gouvernement de faire

1669 215 1916 257 donner immédiatement en sa présence lecture du présent jugement à l'accusé

976 415 986 139 devant la garde rassemblée sans les armes,

441 415 3016 236 de avertir que la loi accorde un délai de trois jours francs pour se pourvoir en cassation (1), ou de vingt-quatre heures

431 595 748 138 pour se pourvoir en revision (2).

1196 502 2143 195 exécuter le présent jugement dans tout son contenu

498 661 2527 242 Fait, clos et jugé sans désemparer, en séance publique, à Mayence, les jour, mois et an que dessus.

503 800 2949 226 En conséquence, LE PRÉSIDENT DE LA RÉPUBLIQUE MANDE et ORDONNE à tous huissiers sur ce requis de mettre ledit jugement à

446 882 3016 221 exécution; aux Procureurs généraux et aux Procureurs de la République près les tribunaux de première instance d'y tenir la

441 974 2702 200 main; à tous commandants et officiers de la force publique de prêter main-forte lorsqu'ils en seront légalement requis.

509 1123 2090 200 En foi de quoi le présent jugement a été signé par les Membres du Conseil et par le Greffier.

493 1267 436 241 +

2059.0 1308.0 530.0 349.0 +

714 1251 631 467 +

1515.0 1262.0 591.0 456.0 +

2501.0 1236.0 735.0 487.0 +

2938.0 1441.0 647.0 365.0 +

523 1877 2749 154 L'an mil neuf cent dix neuf le 21 janvier le présent jugement a été lu par nous, Greffier soussigné, à l'acusé

1535 1918 1937 159 averti par le Commissaire du Gouvernement que l'article 44 de la loi du 17 avril

472 2006 2692 174 1906 accorde trois jours pour se pourvoir en cassation (1), ou que les articles 141 et 143 du Code de justice militaire

467 2072 3005 175 accordent vingt-quatre heures pour se pourvoir en revision (2), lesquels commencent à courir de l'expiration du présent jour. Cette

462 2201 1402 133 lecture faite en présence de la garde rassemblée sous les armes.

1119 2293 761 174 Le Commissaire du Gouvernement.

2614 2293 252 174 Le Grefier,

1638 2770 647 144 EXÉCUTOIRE.

539 3052 791 190 Vu la procédure instruite contre le

472 3191 873 149 et les frais d'icelle dont le détait suit:

719 3273 2203 149 1^o Coût du transport des pièces et objets pouvant servie à conviction ou à décharge................. ......

734 3376 2188 128 2^o Honoraires des officiers de santé, médecins, chirurgiens civils, sages-femmes, experts, interprètes, traducteurs et

821 3432 2101 123 autres, appelés en justice.................................................................

739 3483 2194 139 3^o Indemnités accordées aux témoins civils et militaires..............................................

734 3560 2188 118 4^o Frais de garde de scellés et ceux de mise en fourrière.............................................

744 3627 2168 118 5^o Indemnités de route, de transport et de séjour, accordées aux membres des tribunaux militaires pour les dépla-

827 3678 2095 129 cements auxquels l'instruction des procédures peut donner lieu, ainsi que toutes autres dépenses nécessitées

847.0 3745.0 2075.0 113.0 de ce chef..............................................................................

760.0 3812.0 2168.0 123.0 6^o Port des lettres et paquets pour l'instruction, sauf le port des lettres résultant de l'application de la loi du

847.0 3868.0 2091.0 113.0 15 juin 1899............................................................................

750.0 3940.0 2178.0 103.0 7^o Frais l'impression des arrêts, jugements et ordonnances de justice, quand il y a lieu..................

760 4002 2178 112 8^o Prime de capture des contumax, des déserteurs et des insoumis......................................

755.0 4058.0 2183.0 108.0 9^o Frais résultant de l'obtention des extraits du casier judiciaire.........................................

744.0 4125.0 2199.0 107.0 10^o Prix du bulletin n^o 1 et du duplicata dudit (décret du 12 décembre 1899, art. 13).....................

729.0 4186.0 2219.0 118.0 11^o Coût des bulletins n^o 1 et du duplicata de ces bulletins établis par les greffiers des conseils de guerre au sujet

878.0 4248.0 2065.0 102.0 des condamnations prononcées par ces conseils (décret du 12 décembre 1899, art. 13)....................

744.0 4309.0 2369.0 108.0 12^o Frais de procédure ou coût du jugement........................................................ 12^f 00

744.0 4376.0 2209.0 103.0 13^o Amende.........................................................................................

744.0 4443.0 2209.0 87.0 14^o Décimes additionnels (en France)...............................................................

750.0 4499.0 2208.0 103.0 15^o Frais fixes de procédure devant la Cour de cassation ou le Conseil de revision...........................

734 4561 2209 128 16^o Frais fixes de procédure devant le Conseil de guerre jugeant en 2^e instance.............................

1535.0 4653.0 1439.0 154.0 TOTAL..................................................

585 4822 2969 149 Vu le dispositif du jugement définitif, l'article 139 du Code de justice militaire, le Président du    Conseil de guerre

523 4925 2230 128 permanent de la   liquide les frais dont l'état est ci-dessus à la somme de

1633 4992 1926 108 du montant de laquelle il délivre le présent exécutoire, pour le recouvrement de

539 5079 2923 118 ladite somme être poursuivi sur les biens présents et à venir d - condamné, par les percepteurs des Contributions directes.

585 5141 2974 123 En conséquence, LE PRÉSIDENT DE LA RÉPUBLIQUE MANDE ET ORDONNE a tous huissiers sur ce requis de mettre ledit jugement à

529 5228 3030 108 exécution; aux Procureurs généraux et aux Procureurs de la République près les tribunaux de première instance d'y tenir la

529 5305 2712 108 main; à tous commandants et officiers de la force publique de prêter main-forte lorsqu'ils en seront légalement requis.

595 5382 2841 190 Fait en la Chambre du Conseil de guerre susdit, à Mayence, de vingt et un Janvier 1919

2466 5543 334 83 Le Président,

575 5674 806 77 (1) En France, en Algérie et en Tunisie

585 5720 637 113 (2) Aux colonies et aux armées.

2368 5620 436 383 +
