3763 6015
571.0 170.0 3048.0 100.0 La séance ayant été ouverte, le Président a fait apporter et déposer devant lui, sur le bureau, un exemplaire du Code de justice

517.0 250.0 3008.0 97.0 militaire, du Code d'instruction criminelle et du Code pénal ordinaire, et ordonné à la garde d'amener l'accusé, qui a

511.0 320.0 2994.0 104.0 été introduit, libre et sans fers, devant le Conseil, accompagné de son défenseur M.^e Penancier officier

531.0 421.0 1103.0 133.0 d'administration de 1^ère classe

568.0 795.0 2927.0 120.0 Interrogé de ses nom, prénoms, âge, lieu de naissance, état profession et domicile l'accusé

614.0 878.0 3085.0 121.0 a répondu se nommer Desblé, Eugène, âgé de 25 ans, ni à Dampierre, arrondissonent

521.0 982.0 3138.0 127.0 Dôle, département du Jura, célibataire, journalier au P.L.M. demeurant à Aumont,

514.0 1099.0 3192.0 134.0 arrondissement de Poligny, Jura, actuellement 2^e canonnier suivant de le 6^e batterie de

521.0 1203.0 1193.0 143.0 84^ Régiment d'artillerie lourde

556 1744 3036 150 Le Président, après avoir fait lire par le greffier l'orde de convocation, le rapport prescrit par l'article 108 du Code de justice

511.0 1861.0 2867.0 90.0 militaire, et les pièces dont la lecture lui a paru nécessaire, a fait connaître a accusé les faits a raison desquels il est

507.0 1948.0 2627.0 90.0 poursuivi, et lui a donné, ainsi qu'au défenseur, l'avertissement indiqué en l'article 121 dudit Code;

564.0 2018.0 3045.0 93.0 Après quoi, il a procédé à l'interrogatoire de l'accusé et a fait entendre publiquement et séparément les témoins à charge (1)

1066.0 2091.0 2543.0 104.0 ; lesdits témoins ayant au préalable prêté serment de parler sans haine et sans crainte, juré de dire toute la

511.0 2152.0 635.0 113.0 vérité et rien que la vérité;

561.0 2402.0 3044.0 124.0 Et le Président ayant, en outre, rempli à leur égard les formalités prescrites par les articles 317 et 319 du Code d'instruction

501 2476 256 140 criminelle;

551 2566 101 105 (2)

561.0 3087.0 3151.0 127.0 Ouï M. le Commissaire du Gouvernement en ses réquisitions tendant à ce que (3) le susnommé soit déclaré coupable

548.0 3211.0 3151.0 120.0 des faits relevés contre lui dans l'ordre de mise en jugement et à ce qu'il lui

534.0 3318.0 3148.0 137.0 soit fait application des articles, 225, 267, 271 du Code de Justice militaire, 135 du même

534.0 3441.0 2022.0 131.0 code, 224 du Code Pénal à 1^er de la loi du 23 Janvier 1873.

494.0 3655.0 3118.0 124.0 et l'accusé dans ses moyens de défense, tant par lui que par son défenseur, lesquels ont

494.0 3759.0 3101.0 93.0 déclaré n'avoir rien a ajouter à leurs moyens de défense, et ont eu la parole les derniers, le Président a déclaré les débats terminés,

494.0 3822.0 1534.0 107.0 et il a ordonné au défenseur et a l'accusé de se retirer.

548.0 4076.0 3051.0 104.0 L'accusé a été reconduit par l'escorte à la prison; le Commissaire du Gouvernement, le Greffier et les assistants dans

497.0 4153.0 1344.0 104.0 l'auditoire se sont retirés sur l'invitation du Président (4);

551.0 4230.0 3051.0 124.0 Le Conseil délibérant à huis clos, le Président a posé les questions:, conformément à l'article 132 du Code de justice

491.0 4310.0 635.0 107.0 militaire, ainsi qu'il suit:

718.0 4427.0 2944.0 157.0 1^ere question. Le 2^e Canonnier servant Desblé, Eugène, de la 6^e Batterie

487.0 4564.0 3118.0 137.0 du 84^e régiment d'artillerie lourde, est-il coupable d'avoir le 16 Juin 1917, à

471.0 4668.0 2376.0 154.0 Bourg (Ain) été trouvé en état d'ivresse manifeste à le Gare

681.0 4795.0 2968.0 120.0 2^e Question. - Est-il coupable d'avoir, aux mêmes date et lieu, commis

454.0 4895.0 3168.0 140.0 une rebellion, en l'attaquant avec violences et voies de fait, envers le Gendarme

524.0 5099.0 642.0 53.0 (1) Et à décharge (s'il y en a).

528.0 5116.0 3034.0 103.0 (2) Indiquer si des témoins ont été entendus sans prestation de serment, et pour quel motif ; dire que les pièces de conviction, s'il y en a, ont été représentées.

476 5177 3101 111 Indiquer, en outre, ses incidents qui ont pu ce produire, en ayant soin de préciser à quel moment du débat ils ont en lieu, ses conclusions des parties, les

476 5248 3101 100 réquisitions du ministère public, les moyens de défense présentés par l'accusé, et enfin le jugement motivé du Conseil. Dans le cas où le blanc laisse ici ne suf-

481 5308 3096 105 firait pas pour insérer toutes ces mentions, on devra indiquer l'incident et le moment du débat il s'est produit, en ajoutant qu'il y a été statué par jugement

476 5368 3116 105 séparé, lequel est joint et annexé au présent, et alors le jugement séparé doit indiquer la publicité de l'audience, se terminer par la même formule et être signé

481 5433 3116 120 de la même manière que le jugement principal, en mentionnant qu'il y sera annexé comme en taisant partie. En cas de suspension d'audience et de remise au

474.0 5503.0 1978.0 90.0 lendemain, la mention qui constate cette remise est signée par le Président et le Greffier seulement.

528.0 5563.0 2680.0 104.0 (3) Indiquer si les réquisitions tendent à la déclaration de culpabilité et, dans ce cas, les articles de loi dont l'application est demandée.

528.0 5627.0 2289.0 103.0 (4) S'il y a une chambre des délibérations, on mettra que le Tribunal s'est retiré dans la chambre des délibérations.

711.0 5744.0 1554.0 90.0 Conseil de guerre. - N^o 967 de la Nomenclature générale. - Formule n^o 16.
