3565 6015
280 175 2959 301 Babola des bridantes de Bourg, agent de la force publique faisant pour

275 310 828 171 l'execution des lois?

571 446 2748 245 3^e Question - Est-il coupable d'avoir aux mêmes date et lieux outragé

265 516 2247 265 par paroles et menaces, le gendarme Babola susqualifié?

546 661 2698 236 4^e Question - Le dit gendarme Babola était-il dans l'exercice de ses

260 711 1575 271 fonction d'agent de la force publique?

321.0 1329.0 2896.0 211.0 Les voix recueillies séparément, conformément à l'article 131 du Code de justice militaire, en commençant par le grade inférieur.

265 1393 1901 211 le Président ayant émis son opinion le dernier, le Conseil de guerre permanent déclare

658.0 1604.0 1960.0 200.0 Sur la 1^e question, à l'unanimité, oui

648.0 1737.0 1973.0 151.0 Sur la 2^e Question, à l'unanimité, oui

645.0 1831.0 1993.0 184.0 Sur la 3^e Question, à l'unanimité, oui

648.0 1944.0 1980.0 194.0 Sur la 4^e question, à l'unanimité, oui

300.0 2583.0 2900.0 163.0 Sur quoi, et attendu les conclusions prises par le Commissaire du Gouvernement dans ses réquisitions, le Président a lu le texte

254.0 2686.0 2939.0 154.0 de la loi, recueilli de nouveau les voix dans la forme prescrite par les articles 131 et 134 du Code de justice militaire pour l'appli-

250 2741 446 111 cation de la peine.

294.0 2827.0 2424.0 147.0 Le Conseil est rentré en séance publique, le Président a lu les motifs qui précèdent et le dispositif ci-dessous.

307.0 2893.0 2786.0 177.0 En conséquence, le Conseil (1) Condamne le 2^e Canonnier Desblé, à l'unanimité

254.0 3004.0 2959.0 173.0 à la peine de deux mois de prison pour ivresse et à l'unanimité, à l

250.0 3114.0 2937.0 167.0 peine de six mois de prison, pour rébellion et outrages; le condamne

234.0 3231.0 3066.0 167.0 en outre, aux frais envers l'Etat et à l'unanimité fixe au minimum la durée

237.0 3338.0 2930.0 174.0 de le contrainte par corps, par application des articles, 225, 271- 135, 139 du Code

247.0 3451.0 3157.0 158.0 de Justice militaire, 224 du Code Pénal et 9 de la loi du 22 juillet 1867, ainsi conçus:

438.0 3568.0 2879.0 151.0 Art. 271. Code de Justice militaire. « Sont laissés à la répression de l'autorité

220.0 3689.0 3010.0 143.0 « militaire et punies d'un emprisonnement dont la durée ne peut excéder 2 mois:

220.0 3802.0 2385.0 134.0 « 1^o les contraventions de police commises par les militaires »

438.0 3916.0 2762.0 130.0 Art. 225. Code de Justice militaire. « Tout militaire coupable de rébellion

217.0 4030.0 2983.0 130.0 « envers la force armée et les agents de l'autorité est puni de 2 mois:

220.0 4143.0 1171.0 130.0 « 6 mois d'emprisonnement

428.0 4237.0 2672.0 133.0 Art. 224. Code Pénal. «l'outrage fait par paroles, gestes ou menace à

424.0 4350.0 2833.0 144.0 tout... agent dépositaire de la force publique... dans l'exercice de ses fonctions,

404.0 4474.0 2980.0 134.0 sera puni d'un emprisonnement de six jour à un mois et d'une amende de 16 à 200 fr. ou l'une de ces deux peines seulement

431.0 4568.0 2679.0 140.0 Art. 135. Code de Justice militaire, « En Cas de Conviction de plusieurs crimes

207.0 4678.0 1990.0 160.0 « ou délits, la peine le plus forte et seule prononcée;

446 4766 2727 181 Art. 139. Code de Justice militaire. « Le Jugement qui prononce une peine

193.0 4898.0 2328.0 144.0 « contre l'accusé, le condamne aux frais envers l'État. »

428.0 5012.0 2688.0 147.0 Art. 9 de la Loi du 22 Juillet 1867. « La durée de le contrainte par corps

207.0 5129.0 2886.0 150.0 « est réglée comme il suit: de 2 jours à 20 jours. Quand l'amende et

195 5218 2693 195 « les autres condamnations n'excèdent pas cinquante francs. »

275 5588 2878 111 (1) Avoir soin de spécifier, s'il y a lieu, après l'indication de la peine infligée, la décision motivée du Conseil relative à la non-imputation pour tout ou

240 5634 1259 140 partie de la détention préventive sur la durée de la peine prononcée.
