3565 6015
35 200 145 140 nicolas

38 330 182 57 Renvoi officier

65 355 85 76 Le Greffier

54 402 137 136 +

551 220 2688 256 Le 2^e Canonnier servant Jacquot, Georges de la 121^e Batterie de 58 du

244.0 401.0 3080.0 203.0 19^e Regiment d'Artillerie de campagne est-il coupable de désertion à l'intérieur

210.0 524.0 2980.0 214.0 en temps de guerre pour s'etre absenté sans autorisation de son corps, cantonné

200 681 2983 226 dans les environs de Prosnes (Marne), du 2 juin 1917, jour de l'absence constatée

205 796 2899 256 au 17 juin 1917. Jour de sa présentation volontaire à la gendarmerie de Troyes?

270 1263 2898 240 Les voix recueillies séparément, conformément à l'article 131 du Code de justice militaire, on commençant par le grade inférieur,

210 1353 1910 205 le Président ayant émis son opinion le dernier, le Conseil de guerre permanent déclare

698.0 1573.0 984.0 174.0 A l'unanimité, oui

254.0 2556.0 2909.0 174.0 Sur quoi, et attendu les conclusions prises par le Commissaire du Gouvernement dans ses réquisitions, le Président a lu le texte

204.0 2636.0 2952.0 171.0 de la loi, recueilli de nouveau les voix dans la forme prescrite par les articles 131 et 134 du Code de justice militaire pour l'appli-

195 2701 436 111 cation de la peine.

247.0 2783.0 2415.0 154.0 Le Conseil est rentré en séance publique, le Président a lu les motifs qui précèdent et le dispositif ci dessous.

257.0 2853.0 3070.0 171.0 En conséquence, le Conseil (1) condamne, le 2^e canonnier servant Jacquot, Georges, Nicolas

187.0 2960.0 3070.0 177.0 à l'unanimité, à la peine de cinq ans de travaux publics, aux frais envers

180.0 3084.0 2940.0 174.0 l'Etat et à l'unanimité, fixe au minimum la durée de la contrainte par corps par

177.0 3197.0 3137.0 184.0 application des articles 232, 139 du Code de Justice Militaire et 9 de la loi du 22 Juillet

183.0 3334.0 679.0 127.0 1867 ainsi conçus:

357.0 3418.0 2970.0 167.0 Article 232- Code de Justice Militaire.. . Tout sous-officier caporal brigadier au

224.0 3538.0 3070.0 164.0 « soldat coupable de désertion à l'inté́rieur... est puni... de deux ans à cinq ans de

197.0 3665.0 2401.0 137.0 «  travaux publics si la désertion a en lieu en temps de guerre... »

337.0 3782.0 2846.0 171.0 Article 139.- Code de Justice Militaire.-. « Le jugement qui prononce une peine

217.0 3903.0 2113.0 140.0 « contre l'accusé le condamne aux frais envers l'Etat.....

334.0 4010.0 2919.0 177.0 Article 9. Loi du 22 juillet 1867.« La durée de la contrainte par corps est réglée

214.0 4153.0 2899.0 154.0 « ainsi qu'il suit: de deux jours à vingt jours lorsque l'amende et les autres

217.0 4284.0 1986.0 137.0 « condamnations n'excèdent pas cinquante francs... »

230 5558 2883 106 (1) Avoir soin de spécifier, s'il y a lieu, après t'indication de la peine infligée, la décision motivée du Conseil relative à ma non-imputation pour tout ou

185 5614 1274 135 partie de la détention préventive sur la durée de la peine prononcée.
