3763 6015
571.0 143.0 3051.0 114.0 La séance ayant été ouverte, le Président a fait apporter et déposer devant lui, sur le bureau, un exemplaire du Code de justice

507.0 217.0 3022.0 123.0 militaire, du Code d'instruction criminelle et du Code pénal ordinaire, et ordonné à la garde d'amener l'accusé, qui a

507.0 297.0 3008.0 137.0 été introduit, libre et sans fers, devant le Conseil, accompagné de son défenseur M^e Penancier, officier

514.0 394.0 1648.0 150.0 d'administration de 1^ere classe désigné d'office

564.0 761.0 2995.0 127.0 Interrogé de ses nom, prénoms, âge, lieu de naissance, état profession et domicile l'accusé

604.0 852.0 3098.0 123.0 a répondu se nommer Laure, Edmond, âgé de 21 ans, né a 26 avril 1896 à

534.0 955.0 3198.0 144.0 Nantes, Arrond^t du dit, départem^t de la Loire-Inférieure, y domicilié, 57 rue Charles

526 1052 3221 171 Monsclet, célibataire, Employé de commerce, actuellement soldat de 2^e classe au 93

534.0 1182.0 2279.0 147.0 Régiment d'Infanterie (50^e centre d'instruction de la 4^e armée)

544.0 1737.0 3061.0 127.0 Le Président, après avoir fait lire par le greffier l'ordre de convocation, le rapport prescrit par l'article 108 du Code de justice

491.0 1844.0 2917.0 84.0 militaire, et les pièces dont la lecture lui a paru necessaire, a fait connaître a l'accusé les faits a raison desquels il est

491.0 1904.0 2627.0 114.0 poursuivi, et lui a donné, ainsi qu'au défenseur, l'avertissement indiqué en l'article 121 dudit Code;

544.0 1974.0 3045.0 124.0 Après quoi, il a procédé à l'interrogatoire de l'accusé et a fait entendre publiquement et séparément les témoins a charge (1)

1046.0 2061.0 2546.0 127.0 ; lesdits témoins ayant au préalable prêté serment de parler sans haine et sans crainte, jure de dire toute la

491.0 2138.0 641.0 94.0 vérité et rien que la vérité;

544.0 2375.0 3041.0 137.0 Et le Président ayant, en outre, rempli à leur égard les formalités prescrites par les articles 317 et 319 du Code d'instruction

494.0 2476.0 267.0 90.0 criminelle;

561 2531 66 115 (2)

534.0 3074.0 3008.0 134.0 Ouï M. le Commissaire du Gouvernement en ses réquisitions tendant à ce que (3) le susnommé soit déclaré

554.0 3181.0 3165.0 153.0 coupable de Vol militaire et à ce qu'il lui soit fait application du l'art

548.0 3291.0 1376.0 140.0 248 du Code de Justice militaire.

464.0 3622.0 3115.0 137.0 et l'accusé dans ses moyens de défense, tant par lui que par on défenseur, lesquels ont

464.0 3715.0 3101.0 131.0 déclaré n'avoir rien à ajouter à leurs moyens de défense, et ont eu la parole les derniers, le Président a déclaré les débats terminés,

464.0 3802.0 1527.0 107.0 et il a ordonné au défenseur et a l'accusé de se retirer.

517.0 4053.0 3052.0 124.0 L'accusé a été reconduit par l'escorte à la prison; le Commissaire du Gouvernement, le Greffier et les assistants dans

461 4115 1330 120 l'auditoire se sont retirés sur l'invitation du Président (4);

521.0 4210.0 3044.0 120.0 Le Conseil délibérant à huis clos, le Président a posé la question, conformément à l'article 132 du Code de justice

461.0 4290.0 628.0 114.0 militaire, ainsi qu'il suit:

491.0 5065.0 635.0 54.0 (1) Et à décharge (s'il y en a).

501.0 5089.0 3024.0 124.0 (2) Indiquer si des témoins ont été entendus sans prestation de serment, et pour quel motif ; dire que les pièces de conviction, s'il y en a, ont été représentées.

436 5142 3096 136 Indiquer, en outre, ses incidents qui ont pu ce produire, en ayant soin de préciser à quel moment du débat ils ont en lieu, ses conclusions des parties, les

446 5218 3086 125 réquisitions du ministère public, les moyens de défense présentés par l'accusé, et enfin le jugement motivé du Conseil. Dans le cas où le blanc laisse ici ne suf-

441 5278 3091 125 firait pas pour insérer toutes ces mentions, on devra indiquer l'incident et le moment du débat il s'est produit, en ajoutant qu'il y a été statué par jugement

446 5343 3091 120 séparé, lequel est joint et annexé au présent, et alors le jugement séparé doit indiquer la publicité de l'audience, se terminer par la même formule et être signé

441 5403 3096 125 de la même manière que le jugement principal, en mentionnant qu'il y sera annexé comme en taisant partie. En cas de suspension d'audience et de remise au

434.0 5480.0 1982.0 90.0 lendemain, la mention qui constate cette remise est signée par le Président et le Greffier seulement.

487.0 5530.0 2677.0 127.0 (3) Indiquer si les réquisitions tendent à la déclaration de culpabilité et, dans ce cas, les articles de loi dont l'application est demandée.

487.0 5610.0 2286.0 110.0 (4) S'il y a une chambre des délibérations, on mettra que le Tribunal s'est retiré dans la chambre des délibérations.

675.0 5717.0 1557.0 87.0 Conseil de guerre. - N^o 967 de la Nomenclature générale. - Formule n^o 16.
