3763 6015
541.0 157.0 2907.0 133.0 Enjoint au Commissaire du Gouvernement de faire donner immédiatement en sa présence lecture du présent jugement au

574.0 253.0 1481.0 121.0 condamné devant la garde rassemblée sous les armes,

491 305 3101 156 de avertir que la loi accorde un délai de trois jours francs pour se pourvoir en cassation (1), ou de vingt-quatre heures

496 416 652 125 pour se pourvoir en revision

1164 411 65 125 (2).

544.0 544.0 2607.0 151.0 FAIT, clos et jugé sans désemparer, en séance publique, à Châlons /marne, les jour, mois et an que dessus.

551.0 705.0 3034.0 127.0 En conséquence, LE PRESIDENT DE LA REPUBLIQUE MANDE et ORDONNE a tous huissiers sur ce requis de mettre ledit jugement à

491 771 3086 156 exécution; aux Procureurs généraux et aux Procureurs de la République près les tribunaux de première instance d'y tenir le

494.0 862.0 2751.0 123.0 main; à tous commandants et officiers de la force publique de prêter main-forte lorsqu'ils en seront légalement requis.

561 967 2153 170 En foi de quoi le présent jugement à été signé par les Membres du Conseil et par le Greffier.

2649 967 707 326 +

2343 1167 391 356 +

1460 1167 602 391 +

2859 1298 422 250 +

812 1203 638 561 +

1555 1298 537 436 +

554.0 1764.0 2924.0 103.0 L'an mil neuf cent dix sept, le six juillet le présent jugement a été lu par nous, Greffier soussigné, au condamné

546 1839 768 125 Jacquot, susqualifié

1625 1809 1957 135 averti par le Commissaire du Gouvernement que l'article 44 de la loi du 17 avril

516 1899 2745 136 1906 accorde trois jours pour se pourvoir en cassation (1), ou que les articles 141 et 143 du Code de justice militaire

516 1954 2935 151 accordent vingt-quatre heures pour se pourvoir en revision (2), lesquels commencent à courir de l'expiration du présent jour.

3471 1934 136 141 Cette

507.0 2061.0 1471.0 124.0 lecture faite en présence de la garde rassemblée sous les armes.

1209.0 2182.0 786.0 123.0 Le Commissaire du Gouvernement,

1314 2255 416 396 +

2710.0 2175.0 250.0 110.0 Le Greffier,

2598 2275 422 226 +

175 3333 141 1393 Le présent jugement à commencé à recevoir son

265 3483 151 1253 exécution le 10 Juillet 1917 la parade

376 3689 115 1037 pour compter du 17 juin 1917

486 3443 90 1138 L'Officier d'Administration Greffier,

526 3573 241 562 +

1741 2646 642 166 EXÉCUTOIRE.

578.0 2930.0 2743.0 211.0 Vu la procédure instruite contre le Canonnier servant Jacquot, Georges, Nicolas

524.0 3087.0 899.0 114.0 et les frais d'icelle dont le détail suit:

771.0 3201.0 2230.0 110.0 1^o Coût du transport des pièces et objets pouvant servie à conviction ou à décharge................. ......

765.0 3268.0 2236.0 113.0 2^o Honoraires des officiers de santé, médecins, chirurgiens civils, sages-femmes, experts, interprètes, traducteurs et

868.0 3345.0 2119.0 93.0 autres, appelés en justice.................................................................

778.0 3395.0 2216.0 107.0 3^o Indemnités accordées aux témoins civils et militaires..............................................

757 3458 2233 100 4^o Frais de garde de scellés et ceux de mise en fourrière.............................................

757 3518 2233 116 5^o Indemnités de route, de transport et de séjour, accordées aux membres des tribunaux militaires pour les dépla-

855.0 3592.0 2146.0 103.0 cements auxquels l'instruction des procédures peut donner lieu, ainsi que toutes autres dépenses nécessitées

862.0 3649.0 2132.0 86.0 de ce chef..............................................................................

761.0 3702.0 2243.0 114.0 6^o Port des lettres et paquets pour l'instruction, sauf le port des lettres résultant de l'application de la loi du

865.0 3779.0 2119.0 80.0 15 juin 1899............................................................................

765.0 3836.0 2229.0 100.0 7^o Frais l'impression des arrêts, jugements et ordonnances de justice, quand il y a lieu..................

757 3889 2243 110 8^o Prime de capture des contumax, des déserteurs et des insoumis......................................

762 3949 2429 111 9^o Frais résultant de l'obtention des extraits du casier judiciaire......................................... 0.25

757 4020 2248 105 10^o Prix du bulletin n^o 1 et du duplicata dudit (décret du 12 décembre 1899, art. 13).....................

757 4080 2253 115 11^o Coût des bulletins n^o 1 et du duplicata de ces bulletins établis par les greffiers des conseils de guerre au sujet

818.0 4147.0 2366.0 93.0 des condamnations prononcées par ces conseils (décret du 12 décembre 1899, art. 13).................... 0.55

757 4205 2423 110 12^o Frais de procédure ou coût du jugement........................................................ 12^f 00

757 4270 2248 105 13^o Amende.........................................................................................

757 4335 2243 111 14^o Décimes additionnels (en France)...............................................................

757 4395 2248 111 15^o Frais fixes de procédure devant la Cour de cassation ou le Conseil de revision...........................

768.0 4474.0 2229.0 94.0 16^o Frais fixes de procédure devant le Conseil de guerre jugeant en 2^e instance.............................

1577.0 4581.0 1627.0 104.0 TOTAL.................................................. 12.80

591.0 4738.0 3031.0 127.0 Vu le dispositif du jugement définitif, l'article 139 du Code de justice militaire, le Président du - Conseil de guerre

548.0 4852.0 367.0 100.0 permanent de la

948 4817 2679 150 du Quartier Genéral liquide les frais dont l'état est ci-dessus à la somme de douze francs quatre vingt

571.0 4928.0 287.0 94.0 centimes

1680.0 4915.0 1952.0 90.0 du montant de laquelle il délivre le présent exécutoire, pour le recouvrement de

538.0 4979.0 2997.0 120.0 ladite somme être poursuivi sur les biens présents et à venir du condamné, par les percepteurs des Contributions directes.

591.0 5059.0 3038.0 110.0 En conséquence, LE PRÉSIDENT DE LA RÉPUBLIQUE MANDE ET ORDONNE a tous huissiers sur ce requis de mettre ledit jugement à

538.0 5126.0 3087.0 133.0 exécution; aux Procureurs généraux et aux Procureurs de la République près les tribunaux de première instance d'y tenir la

538.0 5216.0 2780.0 110.0 main; à tous commandants et officiers de la force publique de prêter main-forte lorsqu'ils en seront légalement requis.

597 5283 2583 150 Fait en la Chambre du Conseil de guerre susdit, à Châlons s/Marne, le 6 juillet 1917

584.0 5600.0 786.0 87.0 (1) En France, en Algérie et en Tunisie.

601.0 5664.0 595.0 97.0 (2) Aux colonies et aux armées.

2538 5438 291 100 Le Président,

2578 5438 778 361 +
