<?xml version='1.0' encoding='UTF-8'?>
<alto xmlns:xsi="http://www.w3.org/2001/XMLSchema-instance" xmlns="http://www.loc.gov/standards/alto/ns-v4#" xsi:schemaLocation="http://www.loc.gov/standards/alto/ns-v4# http://www.loc.gov/standards/alto/v4/alto-4-2.xsd">
  <Description>
    <MeasurementUnit>pixel</MeasurementUnit>
    <sourceImageInformation>
      <fileName>11_J_77_0002.jpg</fileName>
      
    </sourceImageInformation>
  </Description>
  
  <Tags>
    <OtherTag ID="BT16575" LABEL="MarginTextZone" DESCRIPTION="block type MarginTextZone"/><OtherTag ID="BT16576" LABEL="DamageZone" DESCRIPTION="block type DamageZone"/><OtherTag ID="BT16577" LABEL="DigitizationArtefactZone" DESCRIPTION="block type DigitizationArtefactZone"/><OtherTag ID="BT16578" LABEL="DropCapitalZone" DESCRIPTION="block type DropCapitalZone"/><OtherTag ID="BT16579" LABEL="GraphicZone" DESCRIPTION="block type GraphicZone"/><OtherTag ID="BT16580" LABEL="MusicZone" DESCRIPTION="block type MusicZone"/><OtherTag ID="BT16581" LABEL="NumberingZone" DESCRIPTION="block type NumberingZone"/><OtherTag ID="BT16582" LABEL="QuireMarksZone" DESCRIPTION="block type QuireMarksZone"/><OtherTag ID="BT16583" LABEL="RunningTitleZone" DESCRIPTION="block type RunningTitleZone"/><OtherTag ID="BT16584" LABEL="SealZone" DESCRIPTION="block type SealZone"/><OtherTag ID="BT16585" LABEL="StampZone" DESCRIPTION="block type StampZone"/><OtherTag ID="BT16586" LABEL="TableZone" DESCRIPTION="block type TableZone"/><OtherTag ID="BT16587" LABEL="TitlePageZone" DESCRIPTION="block type TitlePageZone"/><OtherTag ID="BT19261" LABEL="MainZone" DESCRIPTION="block type MainZone"/><OtherTag ID="BT21623" LABEL="MainZone-judgementNumber" DESCRIPTION="block type MainZone-judgementNumber"/><OtherTag ID="BT21624" LABEL="MainZone-judgementPlace" DESCRIPTION="block type MainZone-judgementPlace"/><OtherTag ID="BT21625" LABEL="MainZone-orderNumber" DESCRIPTION="block type MainZone-orderNumber"/><OtherTag ID="BT21626" LABEL="MainZone-crimeDate" DESCRIPTION="block type MainZone-crimeDate"/><OtherTag ID="BT21627" LABEL="MarginTextZone-note" DESCRIPTION="block type MarginTextZone-note"/><OtherTag ID="BT21628" LABEL="QuireMarksZone-signature" DESCRIPTION="block type QuireMarksZone-signature"/><OtherTag ID="BT21629" LABEL="CustomZone-signature" DESCRIPTION="block type CustomZone-signature"/><OtherTag ID="BT21630" LABEL="MarginTextZone-addition" DESCRIPTION="block type MarginTextZone-addition"/>
    <OtherTag ID="LT6926" LABEL="DefaultLine" DESCRIPTION="line type DefaultLine"/><OtherTag ID="LT6927" LABEL="HeadingLine" DESCRIPTION="line type HeadingLine"/><OtherTag ID="LT6928" LABEL="InterlinearLine" DESCRIPTION="line type InterlinearLine"/><OtherTag ID="LT8439" LABEL="CustomLine:scratched" DESCRIPTION="line type CustomLine:scratched"/><OtherTag ID="LT8440" LABEL="CustomLine:signature" DESCRIPTION="line type CustomLine:signature"/><OtherTag ID="LT8441" LABEL="CustomLine:margin" DESCRIPTION="line type CustomLine:margin"/><OtherTag ID="LT8442" LABEL="default" DESCRIPTION="line type default"/>
  </Tags>
  
  <Layout>
    <Page WIDTH="3763" HEIGHT="6015" PHYSICAL_IMG_NR="221" ID="eSc_dummypage_">
      <PrintSpace HPOS="0" VPOS="0" WIDTH="3763" HEIGHT="6015">
        
        <TextBlock HPOS="225.0" VPOS="31.0" WIDTH="3528.0" HEIGHT="5020.0" ID="textblock_00001" TAGREFS="BT19261">
          <Shape><Polygon POINTS="225 31 3753 31 3753 5051 225 5051 225 31"/></Shape>
          
          
          <TextLine ID="textline_00001" TAGREFS="LT6926" BASELINE="494 187 3539 220" HPOS="491.0" VPOS="103.0" WIDTH="3048.0" HEIGHT="147.0">
            <Shape><Polygon POINTS="494 187 491 217 3532 250 3539 220 3535 150 3027 133 3024 133 3021 133 2980 153 2626 153 2449 126 2446 126 2319 147 2015 120 2011 120 1714 140 1670 116 1667 116 1664 116 1660 116 1594 137 1340 116 1336 116 1142 133 845 110 842 110 838 110 798 130 494 103 494 187"/></Shape>
	    <String CONTENT="La séance ayant été ouverte, le Président a fait apporter et déposer devant lui, sur le bureau, un exemplaire du Code de justice" HPOS="491.0" VPOS="103.0" WIDTH="3048.0" HEIGHT="147.0" WC="0.9783559925854206"/>
          </TextLine>

          
          
          <TextLine ID="textline_00002" TAGREFS="LT6926" BASELINE="441 263 3435 287" HPOS="437.0" VPOS="197.0" WIDTH="2998.0" HEIGHT="120.0">
            <Shape><Polygon POINTS="441 263 437 290 3428 317 3435 287 3432 237 2432 213 2429 213 2175 227 2035 210 2031 210 1801 223 1614 207 1610 207 1356 220 1300 203 1296 203 1293 203 885 217 865 200 862 200 858 200 855 200 661 213 441 197 441 263"/></Shape>
	    <String CONTENT="militaire, du Code d'instruction criminelle et du Code pénal ordinaire, et ordonné à la garde d'amener l'accusé, qui a" HPOS="437.0" VPOS="197.0" WIDTH="2998.0" HEIGHT="120.0"/>
          </TextLine>

          
          
          <TextLine ID="textline_00003" TAGREFS="LT6926" BASELINE="434 337 2877 374 3552 364" HPOS="434.0" VPOS="263.0" WIDTH="3118.0" HEIGHT="141.0">
            <Shape><Polygon POINTS="945 270 942 270 939 270 805 287 484 267 467 267 464 263 434 263 434 337 434 377 571 364 705 384 708 384 898 367 1433 370 1503 394 1507 394 1510 394 1711 377 1784 397 1787 397 3545 404 3552 364 3542 304 3041 317 3014 297 3011 297 3007 297 3004 297 3001 297 2950 317 2817 317 2780 294 2777 294 2773 294 2770 294 2519 310 2352 290 2349 290 2259 307 2168 290 2165 290 1801 300 1640 280 1637 280 1634 280 1574 297 1390 277 1386 277 1303 294 1082 274 1079 274 979 290 949 270 945 270"/></Shape>
	    <String CONTENT="été introduit, libre et sans fers, devant le Conseil, accompagné de son défenseur M^. Bonnet, automobiliste" HPOS="434.0" VPOS="263.0" WIDTH="3118.0" HEIGHT="141.0"/>
          </TextLine>

          
          
          <TextLine ID="textline_00004" TAGREFS="LT6926" BASELINE="424 457 2168 474" HPOS="421.0" VPOS="374.0" WIDTH="1747.0" HEIGHT="167.0">
            <Shape><Polygon POINTS="421 484 491 487 528 524 528 527 531 527 534 527 538 527 541 527 614 491 741 511 745 511 748 511 751 511 771 494 818 531 822 531 825 531 828 531 912 527 915 527 919 527 972 494 1122 524 1126 524 1209 514 1233 534 1236 534 1239 534 1243 538 1457 538 1457 534 1460 534 1463 534 1493 514 1564 531 1567 531 1570 531 1574 531 1577 531 1597 514 1717 538 1721 538 1724 538 1794 501 1908 501 1944 538 1944 541 1948 541 1951 541 1955 541 1958 541 2045 504 2162 517 2168 474 2162 390 2001 407 1861 390 1858 390 1737 414 1680 387 1677 387 1674 387 1670 387 1667 387 1624 417 1470 417 1326 414 1300 390 1300 387 1296 387 1293 387 1289 387 1286 387 1236 411 1203 384 1199 384 1196 384 1193 384 1089 407 1035 380 1032 380 1029 380 1025 380 1022 380 999 401 955 387 952 387 949 387 818 407 788 387 785 387 782 387 778 387 775 387 705 404 598 377 594 377 591 377 588 377 494 404 427 374 424 457 421 484"/></Shape>
	    <String CONTENT="au Quartier Genéral 1^er groupe, désigné d'office" HPOS="421.0" VPOS="374.0" WIDTH="1747.0" HEIGHT="167.0"/>
          </TextLine>

          
          
          <TextLine ID="textline_00005" TAGREFS="LT6926" BASELINE="497 822 3448 845" HPOS="494.0" VPOS="725.0" WIDTH="2954.0" HEIGHT="150.0">
            <Shape><Polygon POINTS="497 822 494 855 3442 875 3448 845 3442 748 3311 785 2991 781 2960 758 2957 758 2954 758 2950 758 2827 785 2696 785 2646 758 2643 758 2640 758 2452 778 2416 755 2412 755 2409 755 2406 755 2222 778 1921 741 1918 741 1914 741 1804 775 1614 775 1527 735 1523 735 1520 735 945 768 878 728 875 728 872 728 497 725 497 822"/></Shape>
	    <String CONTENT="Interrogé de ses nom, prénoms, âge, lieu de naissance, état profession et domicile l'accusé" HPOS="494.0" VPOS="725.0" WIDTH="2954.0" HEIGHT="150.0"/>
          </TextLine>

          
          
          <TextLine ID="textline_00006" TAGREFS="LT6926" BASELINE="511 912 1042 908 2386 939 3552 939" HPOS="507.0" VPOS="832.0" WIDTH="3045.0" HEIGHT="163.0">
            <Shape><Polygon POINTS="511 912 507 925 584 962 588 962 591 962 594 962 675 932 862 932 1517 962 1520 962 1624 945 1781 975 1784 979 1958 979 1958 975 1961 975 1965 975 1998 955 2466 982 2469 982 2630 962 2680 979 2683 979 2686 979 2927 962 2991 982 2994 982 2997 982 3001 982 3004 982 3031 962 3375 962 3422 992 3425 992 3428 992 3432 995 3549 995 3552 939 3552 882 3468 862 3465 862 3462 862 2666 878 2576 855 2573 855 2569 855 2566 855 2489 875 2426 852 2422 852 2419 852 2068 872 1975 848 1971 848 1968 848 1871 868 1834 845 1831 845 1828 845 1467 838 1463 838 1176 862 1156 845 1152 845 1149 845 852 832 848 832 511 852 511 912"/></Shape>
	    <String CONTENT="a répondu se nommer Jacquot, Georges, Nicolas- âgé de 30 ans né à Chatenay" HPOS="507.0" VPOS="832.0" WIDTH="3045.0" HEIGHT="163.0"/>
          </TextLine>

          
          
          <TextLine ID="textline_00007" TAGREFS="LT6926" BASELINE="391 1039 3605 1059" HPOS="387.0" VPOS="955.0" WIDTH="3218.0" HEIGHT="154.0">
            <Shape><Polygon POINTS="391 1039 387 1055 611 1079 614 1079 618 1079 668 1062 852 1082 855 1082 1025 1072 1052 1089 1056 1089 1059 1089 1062 1089 1066 1089 1116 1065 1249 1065 1313 1092 1316 1092 1320 1092 1630 1079 1727 1096 1731 1096 1894 1069 2252 1089 2255 1089 2356 1072 2536 1102 2539 1102 2640 1086 2877 1102 2880 1102 2884 1102 2970 1076 3107 1106 3111 1109 3275 1109 3275 1106 3278 1106 3335 1079 3599 1089 3605 1059 3602 1002 3432 972 3428 972 3425 972 3375 995 3218 979 3214 979 3211 979 3141 999 3071 969 3067 969 2660 969 2656 969 2653 969 2596 995 2182 995 2152 975 2148 975 2145 975 2142 975 2018 992 1934 965 1931 965 1928 965 1924 965 1881 985 1838 969 1834 969 1831 969 1680 989 1630 962 1627 962 1460 959 1457 959 1206 985 972 965 969 965 778 982 688 955 685 955 681 955 678 955 621 982 391 982 391 1039"/></Shape>
	    <String CONTENT="arrondissement de Sceaux, département de la Seine, marié, sans enfant, profession de jardinier" HPOS="387.0" VPOS="955.0" WIDTH="3218.0" HEIGHT="154.0"/>
          </TextLine>

          
          
          <TextLine ID="textline_00008" TAGREFS="LT6926" BASELINE="401 1166 3612 1166" HPOS="401.0" VPOS="1079.0" WIDTH="3211.0" HEIGHT="137.0">
            <Shape><Polygon POINTS="401 1166 401 1189 517 1213 521 1213 628 1192 865 1213 868 1213 872 1213 919 1189 1022 1213 1025 1216 1186 1216 1186 1213 1189 1213 1249 1189 1647 1213 1650 1213 1784 1189 2462 1189 2693 1213 2696 1213 2944 1189 2994 1213 2997 1213 3001 1213 3171 1189 3402 1189 3438 1206 3442 1206 3445 1206 3575 1189 3602 1206 3612 1166 3612 1082 3422 1079 3418 1079 3415 1079 3412 1079 3371 1106 3181 1082 3178 1082 3174 1082 3121 1106 2991 1086 2987 1086 2576 1106 2449 1079 2446 1079 2442 1079 2439 1079 2399 1106 2282 1086 2279 1086 2275 1086 2215 1109 1884 1109 1858 1089 1854 1089 1851 1089 1848 1089 1580 1106 1530 1079 1527 1079 1443 1079 1440 1079 1437 1079 1386 1106 1239 1106 1062 1079 1059 1079 778 1102 708 1082 705 1082 701 1082 698 1082 638 1096 401 1079 401 1166"/></Shape>
	    <String CONTENT="domicilié à Fontenay-aux-Roses, arrondissement de Sceaux, département de la Seine" HPOS="401.0" VPOS="1079.0" WIDTH="3211.0" HEIGHT="137.0"/>
          </TextLine>

          
          
          <TextLine ID="textline_00009" TAGREFS="LT6926" BASELINE="414 1283 3666 1286" HPOS="411.0" VPOS="1216.0" WIDTH="3255.0" HEIGHT="124.0">
            <Shape><Polygon POINTS="414 1283 411 1306 484 1329 487 1329 491 1329 494 1329 568 1313 738 1313 768 1329 771 1329 775 1329 778 1329 782 1329 842 1309 905 1326 909 1326 912 1326 915 1326 972 1309 1403 1309 1677 1316 1707 1336 1711 1336 1714 1336 1717 1340 1918 1340 1918 1336 1921 1336 2015 1313 2195 1329 2198 1329 2202 1329 2205 1329 2242 1309 2747 1309 2793 1336 2797 1336 2800 1340 3094 1340 3094 1336 3097 1336 3191 1313 3612 1336 3615 1336 3619 1336 3662 1316 3666 1286 3659 1216 414 1216 414 1283"/></Shape>
	    <String CONTENT="actuellement 2^e canonnier-servant de la 121^e Batterie de 58, du 59^e Régiment d'Artillerie" HPOS="411.0" VPOS="1216.0" WIDTH="3255.0" HEIGHT="124.0"/>
          </TextLine>

          
          
          <TextLine ID="textline_00010" TAGREFS="LT6926" BASELINE="417 1413 979 1413" HPOS="417.0" VPOS="1333.0" WIDTH="562.0" HEIGHT="160.0">
            <Shape><Polygon POINTS="417 1413 417 1450 531 1440 651 1490 655 1490 658 1493 812 1493 812 1490 815 1490 909 1446 975 1453 979 1413 975 1360 768 1360 741 1336 741 1333 738 1333 735 1333 731 1333 728 1333 651 1360 574 1333 571 1333 568 1333 417 1350 417 1413"/></Shape>
	    <String CONTENT="de Campagne:" HPOS="417.0" VPOS="1333.0" WIDTH="562.0" HEIGHT="160.0" WC="0.9968107591072718"/>
          </TextLine>

          
          
          <TextLine ID="textline_00011" TAGREFS="LT6926" BASELINE="481 1797 3525 1824" HPOS="477.0" VPOS="1714.0" WIDTH="3048.0" HEIGHT="140.0">
            <Shape><Polygon POINTS="481 1797 477 1817 3519 1854 3525 1824 3522 1761 3305 1741 3301 1741 3298 1741 3248 1757 3208 1741 3204 1741 3201 1741 3198 1741 3158 1757 2837 1757 2600 1727 2596 1727 2593 1727 2509 1751 2165 1751 2118 1724 2115 1724 2005 1720 2001 1720 1908 1741 1861 1720 1858 1720 1854 1720 1510 1734 1426 1717 1423 1717 1420 1717 1350 1741 1056 1714 1052 1714 838 1734 481 1730 481 1797"/></Shape>
	    <String CONTENT="Le Président, après avoir fait lire par le greffier l'ordre de convocation, le rapport prescrit par l'article 108 du Code de justice" HPOS="477.0" VPOS="1714.0" WIDTH="3048.0" HEIGHT="140.0" WC="0.9764485544327534"/>
          </TextLine>

          
          
          <TextLine ID="textline_00012" TAGREFS="LT6926" BASELINE="424 1874 3348 1891" HPOS="421.0" VPOS="1824.0" WIDTH="2927.0" HEIGHT="87.0">
            <Shape><Polygon POINTS="424 1874 421 1894 3341 1911 3348 1891 3348 1837 424 1824 424 1874"/></Shape>
	    <String CONTENT="militaire, et les pieces dont la lecture lui a paru nécessaire, a fait connaître a l'accusé les faits a raison desquels il est" HPOS="421.0" VPOS="1824.0" WIDTH="2927.0" HEIGHT="87.0"/>
          </TextLine>

          
          
          <TextLine ID="textline_00013" TAGREFS="LT6926" BASELINE="421 1951 3051 1968" HPOS="417.0" VPOS="1891.0" WIDTH="2634.0" HEIGHT="93.0">
            <Shape><Polygon POINTS="421 1951 417 1978 3044 1984 3051 1968 3047 1914 421 1891 421 1951"/></Shape>
	    <String CONTENT="poursuivi, et lui a donné, ainsi qu'au défenseur, l'avertissement indiqué en l'article 121 dudit Code;" HPOS="417.0" VPOS="1891.0" WIDTH="2634.0" HEIGHT="93.0"/>
          </TextLine>

          
          
          <TextLine ID="textline_00014" TAGREFS="LT6926" BASELINE="477 2028 3509 2051" HPOS="474.0" VPOS="1964.0" WIDTH="3035.0" HEIGHT="114.0">
            <Shape><Polygon POINTS="477 2028 474 2041 3502 2078 3509 2051 3505 1988 477 1964 477 2028"/></Shape>
	    <String CONTENT="Après quoi, il a procédé à l'interrogatoire de l'accusé et a fait entendre publiquement et séparément les témoins à charge (1)" HPOS="474.0" VPOS="1964.0" WIDTH="3035.0" HEIGHT="114.0" WC="0.9815469502456604"/>
          </TextLine>

          
          
          <TextLine ID="textline_00015" TAGREFS="LT6926" BASELINE="979 2101 3515 2121" HPOS="975.0" VPOS="2035.0" WIDTH="2540.0" HEIGHT="117.0">
            <Shape><Polygon POINTS="979 2101 975 2135 3509 2152 3515 2121 3512 2068 979 2035 979 2101"/></Shape>
	    <String CONTENT="; lesdits témoins ayant au préalable prêté serment de parler sans haine et sans crainte, juré de dire toute la" HPOS="975.0" VPOS="2035.0" WIDTH="2540.0" HEIGHT="117.0" WC="0.9817261693152515"/>
          </TextLine>

          
          
          <TextLine ID="textline_00016" TAGREFS="LT6926" BASELINE="424 2175 1069 2175" HPOS="424.0" VPOS="2088.0" WIDTH="645.0" HEIGHT="127.0">
            <Shape><Polygon POINTS="424 2175 424 2208 715 2198 805 2215 808 2215 812 2215 815 2215 838 2198 982 2215 985 2215 1069 2195 1069 2175 1069 2115 464 2088 461 2088 457 2088 454 2088 424 2108 424 2175"/></Shape>
	    <String CONTENT="vérité et rien que la vérité;" HPOS="424.0" VPOS="2088.0" WIDTH="645.0" HEIGHT="127.0" WC="0.9691782840367021"/>
          </TextLine>

          
          
          <TextLine ID="textline_00017" TAGREFS="LT6926" BASELINE="477 2432 3515 2452" HPOS="474.0" VPOS="2349.0" WIDTH="3041.0" HEIGHT="143.0">
            <Shape><Polygon POINTS="477 2432 474 2456 668 2476 671 2476 919 2462 1162 2479 1166 2479 1487 2466 1630 2482 1634 2482 1988 2469 2082 2486 2085 2486 2389 2472 2503 2489 2506 2489 2967 2476 3509 2492 3515 2452 3509 2375 3398 2395 3198 2379 3194 2379 2914 2392 2864 2372 2860 2372 2857 2372 2660 2392 2610 2365 2606 2365 2603 2365 2499 2385 2332 2372 2329 2372 2325 2372 2322 2372 2295 2392 2135 2392 2078 2362 2075 2362 1771 2359 1767 2359 1594 2385 1460 2359 1457 2359 1453 2359 1450 2359 1413 2382 1076 2382 477 2349 477 2432"/></Shape>
	    <String CONTENT="Et le Président ayant, en outre, rempli à leur égard les formalités prescrites par les articles 317 et 319 du Code d'instruction" HPOS="474.0" VPOS="2349.0" WIDTH="3041.0" HEIGHT="143.0" WC="0.982937135733664"/>
          </TextLine>

          
          
          <TextLine ID="textline_00018" TAGREFS="LT6926" BASELINE="424 2496 685 2502" HPOS="421.0" VPOS="2419.0" WIDTH="264.0" HEIGHT="117.0">
            <Shape><Polygon POINTS="658 2436 624 2436 591 2436 558 2436 524 2436 491 2436 487 2422 424 2419 424 2496 421 2529 678 2536 685 2502 681 2436 658 2436"/></Shape>
	    <String CONTENT="criminelle;" HPOS="421.0" VPOS="2419.0" WIDTH="264.0" HEIGHT="117.0" WC="0.9734784039584073"/>
          </TextLine>

          
          
          <TextLine ID="textline_00019" TAGREFS="LT6926" BASELINE="482 2579 553 2581" HPOS="481" VPOS="2501" WIDTH="70" HEIGHT="165">
            <Shape><Polygon POINTS="481 2576 481 2661 546 2666 551 2576 551 2501 481 2501 481 2576"/></Shape>
	    <String CONTENT="(2)" HPOS="481" VPOS="2501" WIDTH="70" HEIGHT="165" WC="0.9118249217669169"/>
          </TextLine>

          
          
          <TextLine ID="textline_00020" TAGREFS="LT6926" BASELINE="464 3131 3672 3147" HPOS="464.0" VPOS="3044.0" WIDTH="3208.0" HEIGHT="150.0">
            <Shape><Polygon POINTS="464 3131 464 3161 1019 3161 1173 3184 1176 3184 1273 3164 1370 3184 1373 3184 1530 3164 1627 3184 1630 3184 2148 3167 2192 3187 2195 3187 2389 3191 2392 3191 2633 3174 3031 3194 3034 3194 3131 3177 3358 3194 3361 3194 3669 3177 3672 3147 3666 3057 3498 3084 3402 3060 3398 3060 3395 3060 3392 3060 3338 3084 3261 3064 3258 3064 3255 3064 3168 3084 2636 3084 2579 3057 2576 3057 2389 3050 2386 3050 2195 3077 2028 3050 2025 3050 2021 3050 1914 3077 1717 3057 1714 3057 1467 3074 1400 3054 1396 3054 1393 3054 1112 3070 1035 3044 1032 3044 1029 3044 872 3067 768 3050 765 3050 464 3057 464 3131"/></Shape>
	    <String CONTENT="Ouï M. le Commissaire du Gouvernement en ses réquisitions tendant à ce que (3) le sus nomme soit déclaré coupable" HPOS="464.0" VPOS="3044.0" WIDTH="3208.0" HEIGHT="150.0"/>
          </TextLine>

          
          
          <TextLine ID="textline_00021" TAGREFS="LT6926" BASELINE="401 3258 3569 3268" HPOS="401.0" VPOS="3177.0" WIDTH="3168.0" HEIGHT="147.0">
            <Shape><Polygon POINTS="401 3258 401 3298 1323 3288 1624 3321 1627 3321 1761 3291 1998 3291 2102 3318 2105 3318 2322 3321 2325 3321 2329 3321 2406 3291 2566 3324 2569 3324 2843 3308 3051 3324 3054 3324 3057 3324 3161 3298 3388 3324 3392 3324 3395 3324 3462 3294 3562 3294 3569 3268 3562 3201 3255 3208 3184 3184 3181 3184 3178 3184 3174 3184 3091 3208 3041 3184 3037 3184 2680 3184 2676 3184 2553 3208 2503 3181 2499 3181 2406 3181 2402 3181 2399 3181 2396 3181 2356 3208 1797 3208 1523 3181 1520 3181 1209 3201 1166 3177 1162 3177 668 3177 665 3177 401 3197 401 3258"/></Shape>
	    <String CONTENT="de désertion à l'intérieur en temps de guerre et qu'il lui soit fait application des" HPOS="401.0" VPOS="3177.0" WIDTH="3168.0" HEIGHT="147.0" WC="0.9670123769634071"/>
          </TextLine>

          
          
          <TextLine ID="textline_00022" TAGREFS="LT6926" BASELINE="417 3381 2205 3388" HPOS="414.0" VPOS="3291.0" WIDTH="1791.0" HEIGHT="150.0">
            <Shape><Polygon POINTS="417 3381 414 3408 541 3408 571 3431 571 3435 574 3435 578 3435 581 3435 584 3435 688 3405 765 3405 788 3425 792 3425 795 3425 798 3425 802 3425 865 3408 885 3428 888 3428 892 3428 895 3428 975 3415 1015 3435 1019 3435 1022 3435 1025 3435 1029 3435 1062 3408 1186 3405 1206 3421 1209 3421 1213 3421 1216 3421 1380 3411 1437 3438 1440 3438 1443 3441 1818 3441 1818 3438 1821 3438 1824 3438 1858 3411 1884 3435 1888 3435 1891 3435 1894 3435 1898 3435 1968 3418 2075 3438 2078 3438 2082 3438 2085 3438 2122 3408 2198 3411 2205 3388 2198 3314 2142 3321 2115 3298 2115 3294 2112 3294 2108 3294 2045 3294 2041 3294 2038 3294 1988 3321 1921 3298 1918 3298 1914 3298 1911 3298 1908 3298 1888 3311 1747 3294 1744 3294 1741 3294 1737 3294 1704 3321 1667 3301 1664 3301 1660 3301 1657 3301 1654 3301 1654 3304 1637 3321 1426 3321 1403 3301 1403 3298 1400 3298 1396 3298 1246 3291 1243 3291 1239 3291 1142 3318 1082 3291 1079 3291 888 3291 885 3291 882 3291 878 3291 835 3321 671 3321 624 3291 621 3291 618 3291 614 3291 611 3291 608 3291 608 3294 581 3318 417 3318 417 3381"/></Shape>
	    <String CONTENT="articles 231, 232 et 234 du Code de Justice Militaire" HPOS="414.0" VPOS="3291.0" WIDTH="1791.0" HEIGHT="150.0" WC="0.9562394720203472"/>
          </TextLine>

          
          
          <TextLine ID="textline_00023" TAGREFS="LT6926" BASELINE="384 3685 3505 3715" HPOS="380.0" VPOS="3605.0" WIDTH="3125.0" HEIGHT="137.0">
            <Shape><Polygon POINTS="384 3685 380 3699 411 3715 414 3715 417 3715 979 3705 3498 3742 3505 3715 3502 3652 3245 3652 3138 3625 3134 3625 3131 3625 2670 3645 2626 3625 2623 3625 2620 3625 2496 3645 2305 3645 2242 3619 2239 3619 2235 3619 1764 3639 1574 3612 1570 3612 1069 3632 942 3632 892 3605 888 3605 885 3605 384 3609 384 3685"/></Shape>
	    <String CONTENT="et l'accusé dans ses moyens de défense, tant par lui que par son défenseur, lesquels ont" HPOS="380.0" VPOS="3605.0" WIDTH="3125.0" HEIGHT="137.0"/>
          </TextLine>

          
          
          <TextLine ID="textline_00024" TAGREFS="LT6926" BASELINE="387 3759 3502 3792" HPOS="384.0" VPOS="3699.0" WIDTH="3118.0" HEIGHT="120.0">
            <Shape><Polygon POINTS="387 3759 384 3792 3495 3819 3502 3792 3498 3732 387 3699 387 3759"/></Shape>
	    <String CONTENT="déclaré n'avoir rien à ajouter à leurs moyens de défense, et ont eu la parole les derniers, le Président a déclaré les débats terminés," HPOS="384.0" VPOS="3699.0" WIDTH="3118.0" HEIGHT="120.0" WC="0.9759437251974035"/>
          </TextLine>

          
          
          <TextLine ID="textline_00025" TAGREFS="LT6926" BASELINE="391 3836 1924 3842" HPOS="387.0" VPOS="3776.0" WIDTH="1537.0" HEIGHT="107.0">
            <Shape><Polygon POINTS="391 3836 387 3862 397 3872 397 3876 401 3876 404 3876 407 3876 691 3862 708 3876 708 3879 711 3879 715 3879 718 3883 872 3883 872 3879 982 3859 1122 3879 1126 3879 1129 3879 1179 3862 1226 3883 1229 3883 1233 3883 1236 3883 1239 3883 1239 3879 1256 3866 1350 3883 1353 3883 1356 3883 1433 3862 1918 3879 1924 3842 1918 3776 391 3776 391 3836"/></Shape>
	    <String CONTENT="et il a ordonné au défenseur et a l'accusé de se retirer." HPOS="387.0" VPOS="3776.0" WIDTH="1537.0" HEIGHT="107.0"/>
          </TextLine>

          
          
          <TextLine ID="textline_00026" TAGREFS="LT6926" BASELINE="451 4093 3498 4123" HPOS="447.0" VPOS="4013.0" WIDTH="3051.0" HEIGHT="137.0">
            <Shape><Polygon POINTS="447 4120 3492 4150 3498 4123 3495 4056 3097 4060 2840 4033 2837 4033 2483 4056 2449 4036 2446 4036 2442 4036 2439 4036 2376 4050 2295 4030 2292 4030 2289 4030 1834 4050 1680 4020 1677 4020 1316 4043 1126 4013 1015 4013 1012 4013 1009 4013 952 4040 491 4040 454 4020 451 4093 447 4120"/></Shape>
	    <String CONTENT="L'accusé a été reconduit par l'escorte à la prison; le Commissaire du Gouvernement, le Greffier et les assistants dans" HPOS="447.0" VPOS="4013.0" WIDTH="3051.0" HEIGHT="137.0"/>
          </TextLine>

          
          
          <TextLine ID="textline_00027" TAGREFS="LT6926" BASELINE="397 4170 1771 4173" HPOS="394.0" VPOS="4093.0" WIDTH="1377.0" HEIGHT="94.0">
            <Shape><Polygon POINTS="1567 4106 1533 4106 1500 4106 1467 4106 1433 4103 1400 4103 1370 4103 1300 4113 1266 4103 1266 4103 1233 4103 1229 4103 1216 4116 945 4116 825 4100 798 4100 788 4096 765 4116 611 4116 491 4096 487 4096 484 4096 441 4113 401 4093 397 4170 394 4187 1767 4187 1771 4173 1767 4116 1594 4106 1567 4106"/></Shape>
	    <String CONTENT="l'auditoire se sont retirés sur l'invitation du Président (4);" HPOS="394.0" VPOS="4093.0" WIDTH="1377.0" HEIGHT="94.0"/>
          </TextLine>

          
          
          <TextLine ID="textline_00028" TAGREFS="LT6926" BASELINE="444 4247 3495 4277" HPOS="441.0" VPOS="4177.0" WIDTH="3054.0" HEIGHT="133.0">
            <Shape><Polygon POINTS="444 4247 441 4270 3488 4310 3495 4277 3492 4217 3151 4193 3148 4193 2967 4210 2940 4193 2937 4193 2934 4193 2930 4193 2563 4207 2459 4187 2456 4187 2162 4203 2065 4187 2061 4187 1804 4200 1697 4180 1694 4180 1560 4197 1413 4177 1410 4177 444 4177 444 4247"/></Shape>
	    <String CONTENT="Le Conseil délibérant à huis clos, le Président a posé la question, conformément à l'article 132 du Code de justice" HPOS="441.0" VPOS="4177.0" WIDTH="3054.0" HEIGHT="133.0" WC="0.9673906186352605"/>
          </TextLine>

          
          
          <TextLine ID="textline_00029" TAGREFS="LT6926" BASELINE="397 4314 1019 4320" HPOS="397.0" VPOS="4257.0" WIDTH="622.0" HEIGHT="107.0">
            <Shape><Polygon POINTS="397 4314 397 4357 464 4340 641 4360 644 4360 648 4360 698 4340 765 4364 768 4364 771 4364 775 4364 858 4344 1012 4364 1019 4320 1015 4267 397 4257 397 4314"/></Shape>
	    <String CONTENT="militaire, ainsi qu'il suit:" HPOS="397.0" VPOS="4257.0" WIDTH="622.0" HEIGHT="107.0" WC="0.966561815568379"/>
          </TextLine>

          
        </TextBlock>
        
        <TextBlock HPOS="286.0" VPOS="5039.0" WIDTH="3258.0" HEIGHT="620.0" ID="textblock_00002" TAGREFS="BT21627">
          <Shape><Polygon POINTS="286 5039 3544 5039 3544 5659 286 5659 286 5039"/></Shape>
          
          
          <TextLine ID="textline_00030" TAGREFS="LT6926" BASELINE="427 5065 1046 5062" HPOS="424.0" VPOS="5039.0" WIDTH="622.0" HEIGHT="47.0">
            <Shape><Polygon POINTS="1025 5039 992 5039 959 5039 925 5039 892 5039 858 5039 825 5039 792 5039 758 5039 725 5039 691 5039 658 5039 624 5039 591 5039 558 5039 524 5039 491 5039 457 5039 424 5039 427 5065 427 5086 1042 5086 1046 5062 1039 5039 1025 5039"/></Shape>
	    <String CONTENT="(1) Et à décharge (s'il y en a)." HPOS="424.0" VPOS="5039.0" WIDTH="622.0" HEIGHT="47.0" WC="0.9138178879564459"/>
          </TextLine>

          
          
          <TextLine ID="textline_00031" TAGREFS="LT6926" BASELINE="427 5122 3470 5161" HPOS="421" VPOS="5042" WIDTH="3045" HEIGHT="145">
            <Shape><Polygon POINTS="1826 5042 1821 5042 1665 5067 1650 5067 1640 5067 1580 5042 1580 5042 1530 5042 1515 5042 1349 5062 1329 5062 1314 5062 1219 5042 1179 5042 1128 5042 1113 5042 1043 5052 1028 5062 978 5062 928 5062 878 5062 827 5062 777 5062 727 5062 677 5062 627 5062 576 5062 526 5062 476 5062 426 5062 426 5117 421 5142 3456 5187 3466 5157 3461 5092 3191 5062 3186 5062 2965 5082 2960 5082 2930 5057 2925 5057 2920 5057 2915 5057 2910 5057 2819 5082 2814 5082 2804 5082 2709 5052 2704 5052 2699 5052 2548 5077 2538 5077 2518 5077 2167 5047 2162 5047 1981 5072 1956 5072 1936 5072 1831 5042 1826 5042"/></Shape>
	    <String CONTENT="(2) Indiquer si des témoins ont été entendus sans prestation de serment, et pour quel motif ; dire que les pièces de conviction, s'il y en a, ont été représentées." HPOS="421" VPOS="5042" WIDTH="3045" HEIGHT="145" WC="0.9786609521618596"/>
          </TextLine>

          
          
          <TextLine ID="textline_00032" TAGREFS="LT6926" BASELINE="370 5186 3470 5224" HPOS="361" VPOS="5107" WIDTH="3105" HEIGHT="141">
            <Shape><Polygon POINTS="3426 5157 3376 5157 3326 5157 3276 5157 3226 5157 3175 5157 3125 5157 3075 5152 3025 5152 2975 5152 2925 5152 2874 5152 2824 5152 2774 5152 2724 5152 2674 5147 2624 5147 2573 5147 2523 5147 2473 5147 2423 5147 2373 5147 2323 5142 2272 5142 2222 5142 2172 5142 2122 5142 2072 5142 2021 5142 1971 5142 1921 5137 1871 5137 1821 5137 1771 5137 1720 5137 1670 5137 1620 5137 1570 5137 1520 5132 1470 5132 1419 5132 1369 5132 1319 5132 1269 5132 1219 5132 1169 5127 1118 5127 1068 5127 1018 5127 968 5127 918 5127 867 5127 817 5127 767 5122 717 5122 667 5122 617 5122 566 5122 516 5122 466 5122 456 5107 366 5107 366 5182 361 5207 3456 5248 3466 5223 3461 5157 3426 5157"/></Shape>
	    <String CONTENT="Indiquer, en outre, ses incidents qui ont pu ce produire, en ayant soin de préciser à quel moment du débat ils ont en lieu, ses conclusions des parties, les" HPOS="361" VPOS="5107" WIDTH="3105" HEIGHT="141" WC="0.982996349533399"/>
          </TextLine>

          
          
          <TextLine ID="textline_00033" TAGREFS="LT6926" BASELINE="380 5249 3464 5282" HPOS="371" VPOS="5187" WIDTH="3090" HEIGHT="121">
            <Shape><Polygon POINTS="3436 5223 3386 5223 3336 5223 3286 5223 3236 5223 3186 5223 3135 5223 3085 5223 3035 5218 2985 5218 2935 5218 2884 5218 2834 5218 2784 5218 2734 5218 2684 5213 2634 5213 2583 5213 2533 5213 2483 5213 2433 5213 2383 5213 2333 5213 2282 5207 2232 5207 2182 5207 2132 5207 2082 5207 2032 5207 1981 5207 1931 5207 1881 5202 1831 5202 1781 5202 1730 5202 1680 5202 1630 5202 1580 5202 1530 5202 1480 5197 1429 5197 1379 5197 1329 5197 1279 5197 1229 5197 1179 5197 1128 5192 1078 5192 1028 5192 978 5192 928 5192 878 5192 827 5192 777 5192 727 5187 677 5187 627 5187 576 5187 526 5187 476 5187 426 5187 376 5187 376 5248 371 5268 3451 5308 3461 5278 3456 5223 3436 5223"/></Shape>
	    <String CONTENT="réquisitions du ministère public, les moyens de défense présentés par l'accusé, et enfin le jugement motivé du Conseil. Dans le cas où le blanc laisse ici ne suf-" HPOS="371" VPOS="5187" WIDTH="3090" HEIGHT="121" WC="0.9741350684636905"/>
          </TextLine>

          
          
          <TextLine ID="textline_00034" TAGREFS="LT6926" BASELINE="377 5309 3469 5348" HPOS="371" VPOS="5253" WIDTH="3095" HEIGHT="125">
            <Shape><Polygon POINTS="3436 5278 3386 5278 3336 5278 3286 5278 3236 5278 3186 5278 3135 5278 3085 5278 3035 5278 2985 5278 2935 5273 2884 5273 2834 5273 2784 5273 2734 5273 2684 5273 2634 5273 2583 5273 2533 5273 2483 5273 2433 5273 2383 5268 2333 5268 2282 5268 2232 5268 2182 5268 2132 5268 2082 5268 2032 5268 1981 5268 1931 5268 1881 5263 1831 5263 1781 5263 1730 5263 1680 5263 1630 5263 1580 5263 1530 5263 1480 5263 1429 5263 1379 5258 1329 5258 1279 5258 1229 5258 1179 5258 1128 5258 1078 5258 1028 5258 978 5258 928 5258 878 5253 827 5253 777 5253 727 5253 677 5253 627 5253 576 5253 526 5253 476 5253 426 5253 376 5253 376 5308 371 5338 3456 5378 3466 5343 3461 5278 3436 5273 3436 5278"/></Shape>
	    <String CONTENT="firait pas pour insérer toutes ces mentions, on devra indiquer l'incident et le moment du débat il s'est produit, en ajoutant qu'il y a été statué par jugement" HPOS="371" VPOS="5253" WIDTH="3095" HEIGHT="125" WC="0.961717117715765"/>
          </TextLine>

          
          
          <TextLine ID="textline_00035" TAGREFS="LT6926" BASELINE="367 5373 3475 5408" HPOS="361" VPOS="5303" WIDTH="3110" HEIGHT="130">
            <Shape><Polygon POINTS="3426 5343 3376 5343 3326 5343 3276 5343 3226 5343 3175 5343 3125 5343 3075 5343 3025 5343 2975 5338 2925 5338 2874 5338 2824 5338 2774 5338 2724 5338 2674 5338 2624 5338 2573 5333 2523 5333 2473 5333 2423 5333 2373 5333 2323 5333 2272 5333 2222 5333 2172 5333 2122 5328 2072 5328 2021 5328 1971 5328 1921 5328 1871 5328 1821 5328 1771 5328 1720 5328 1670 5323 1620 5323 1570 5323 1520 5323 1470 5323 1419 5323 1369 5323 1319 5323 1269 5323 1219 5318 1169 5318 1118 5318 1068 5318 1018 5318 968 5318 918 5318 867 5318 817 5318 767 5313 717 5313 667 5313 617 5313 566 5313 516 5313 466 5313 416 5313 411 5303 366 5303 366 5368 361 5393 3461 5433 3471 5403 3471 5343 3426 5338 3426 5343"/></Shape>
	    <String CONTENT="séparé, lequel est joint et annexé au présent, et alors le jugement séparé doit indiquer la publicité de l'audience, se terminer par la même formule et être signé" HPOS="361" VPOS="5303" WIDTH="3110" HEIGHT="130" WC="0.9752287184014733"/>
          </TextLine>

          
          
          <TextLine ID="textline_00036" TAGREFS="LT6926" BASELINE="370 5430 3470 5470" HPOS="361" VPOS="5373" WIDTH="3105" HEIGHT="130">
            <Shape><Polygon POINTS="3426 5403 3376 5403 3326 5403 3276 5403 3226 5403 3175 5403 3125 5403 3075 5403 3025 5398 2975 5398 2925 5398 2874 5398 2824 5398 2774 5398 2724 5398 2674 5398 2624 5398 2573 5393 2523 5393 2473 5393 2423 5393 2373 5393 2323 5393 2272 5393 2222 5393 2172 5393 2122 5388 2072 5388 2021 5388 1971 5388 1921 5388 1871 5388 1821 5388 1771 5388 1720 5388 1670 5383 1620 5383 1570 5383 1520 5383 1470 5383 1419 5383 1369 5383 1319 5383 1269 5383 1219 5378 1169 5378 1118 5378 1068 5378 1018 5378 968 5378 918 5378 867 5378 817 5378 767 5373 717 5373 667 5373 617 5373 566 5373 516 5373 466 5373 416 5373 366 5373 366 5428 361 5453 3456 5503 3466 5468 3461 5403 3426 5403"/></Shape>
	    <String CONTENT="de la même manière que le jugement principal, en mentionnant qu'il y sera annexé comme en taisant partie. En cas de suspension d'audience et de remise au" HPOS="361" VPOS="5373" WIDTH="3105" HEIGHT="130" WC="0.9693397922453537"/>
          </TextLine>

          
          
          <TextLine ID="textline_00037" TAGREFS="LT6926" BASELINE="364 5497 2346 5513" HPOS="360.0" VPOS="5433.0" WIDTH="1986.0" HEIGHT="107.0">
            <Shape><Polygon POINTS="364 5497 360 5520 2339 5540 2346 5513 2342 5463 364 5433 364 5497"/></Shape>
	    <String CONTENT="lendemain, la mention qui constate cette remise est signée par le Président et le Greffier seulement." HPOS="360.0" VPOS="5433.0" WIDTH="1986.0" HEIGHT="107.0" WC="0.9723057304278458"/>
          </TextLine>

          
          
          <TextLine ID="textline_00038" TAGREFS="LT6926" BASELINE="411 5557 3094 5587" HPOS="407.0" VPOS="5500.0" WIDTH="2687.0" HEIGHT="120.0">
            <Shape><Polygon POINTS="411 5557 407 5587 3087 5620 3094 5587 3091 5537 411 5500 411 5557"/></Shape>
	    <String CONTENT="(3) Indiquer si les réquisitions tendent à la déclaration de culpabilité et, dans ce cas, les articles de loi dont l'application est demandée." HPOS="407.0" VPOS="5500.0" WIDTH="2687.0" HEIGHT="120.0" WC="0.9645491191681396"/>
          </TextLine>

          
          
          <TextLine ID="textline_00039" TAGREFS="LT6926" BASELINE="414 5627 2720 5637" HPOS="411.0" VPOS="5567.0" WIDTH="2309.0" HEIGHT="110.0">
            <Shape><Polygon POINTS="414 5627 411 5654 2713 5677 2720 5637 2716 5590 414 5567 414 5627"/></Shape>
	    <String CONTENT="(4) S'il y a une chambre des délibérations, on mettra que le Tribunal s'est retiré dans la chambre des délibérations." HPOS="411.0" VPOS="5567.0" WIDTH="2309.0" HEIGHT="110.0" WC="0.9562413147372059"/>
          </TextLine>

          
        </TextBlock>
        

        
        <TextBlock ID="textblock_00003">
          
          
          <TextLine ID="textline_00040" TAGREFS="LT6926" BASELINE="604 5727 2138 5740" HPOS="601.0" VPOS="5650.0" WIDTH="1537.0" HEIGHT="127.0">
            <Shape><Polygon POINTS="604 5727 601 5747 2132 5777 2138 5740 2125 5664 2095 5687 1757 5687 1660 5660 1657 5660 1654 5660 1650 5660 1577 5684 1373 5684 1226 5657 1223 5657 1069 5677 604 5650 604 5727"/></Shape>
	    <String CONTENT="Conseil de guerre. - N^o 967 de la Nomenclature générale. - Formule n^o 16." HPOS="601.0" VPOS="5650.0" WIDTH="1537.0" HEIGHT="127.0" WC="0.9705158464006476"/>
          </TextLine>

          
        </TextBlock>
        
      </PrintSpace>
    </Page>
  </Layout>
</alto>