4638 6175
226 1358 2955 206 Les voix recueillies séparément, conformément à l'article 131 du Code de justice militaire, en commençant par le grade inférieur

159 1471 1941 155 le Président ayant émis son opinion le dernier, le Conseil de guerre permanent déclare

535 1780 777 165 A l'unanimité

1652 1785 247 170 Oui

700 1939 1992 191 A la majorité il existe des circonstances atténuantes

175 2619 3001 190 Sur quoi, et attendu les conclusions prises par le Commissaire du Gouvernement dans ses réquisitions, le Président a lu le texte

133 2727 3017 185 de la loi, recueilli de nouveau les voix dans la forme prescrite par les articles 131 et 134 du Code de militaire pour l'appli-

138 2814 371 103 cation de la peine.

175 2876 2506 170 Le Conseil est rentré en séance publique, le Président a lu les motifs que précèdent et le dispositif ci-dessous.

175 2958 2929 134 En conséquence, le Conseil (1) condamne le réserviste Delebecque

175 3041 2625 133 Fernand, susqualifié à l'unanimité à la peine de

195 3123 2960 160 Un franc d'amende, aux frais envers l'Etat et fixe

190 3231 2934 139 au minimum la durée de la contrainte par corps, par application

175 3329 2939 149 des articles 320, 463 du Code Pénal, 267, 139 du Code de Justice

200 3416 2039 139 Militaire et 9 de la Loi du 22 juillet 1867

766 3509 1848 154 Le texte de la loi appliquée est ainsi conçu

277 3612 2724 170 Article 320 du Code Pénal s'il n'est résulté du défaut d'adresse ou de

221 3725 2687 118 précaution que des blessures ou coups, le coupable sera puni de six jours à deux mois

175 3792 2836 154 d'emprisonnement et d'une amende de seize francs à cent francs, ou de l'une de ces deux

169 3885 474 108 peines seulement

277 3931 1123 170 Article 463 du Code Pénal

2259 3941 803 175 Dans tous les cas où la

216 4065 2743 118 peine de l'emprisonnement, et cette de l'amende sont prononcées par le code Pénal, si

185 4126 2882 134 les circonstances paraissent atténuantes, les tribunaux correctionnels sont autorisés, même en

175 4219 2877 134 cas de récidive, à réduire l'emprisonnement même au dessous de six jours et de l'amende

159 4281 2955 170 même au dessous de seize francs; ils pourront aussi prononcer séparément l'une ou l'autre

159 4363 942 119 de ces peines------»

267 4420 2728 200 Article 139 du code de Justice Militaire.. Le jugement qui prononce

169 4512 2559 160 une peine contre l'accusé le condamne aux frais envers l'Elat.---. »

226 4600 2831 206 Article 9 de la Loi du 22 juillet 1867.- La durée de la contrainte par

169 4698 2832 200 corps est réglée ainsi qu'il suit: de deux jours à vingt jours lorsque l'amende et les

164 4765 2790 267 autres condamnations n'excédent pas cinquante francs-...--....-»

149 5665 2949 160 (1) Avoir soin de spécifier, s'il y a lieu, après t'indication de la peine infligée, la décision motivée du Conseil relative à ma non-imputation pour tout ou

97 5675 1267 165 partie de la détention préventive sur la durée de la peine prononcée.
