4257 6265
1237 287 2962 151 La séance ayant été ouverte, le Président a fait apporter et déposer devant lui, sur le bureau, un exemplaire du Code du justice

1185 386 2988 125 militaire, du Code d'instruction criminelle et du Code pénal ordinaire, et ordonné à la garde d'amener l'accusé, qui a

1164 475 3004 135 été introduit, libre et sans fers, devant le Conseil, accompagné de son défenseur M^e Colzy, Avoué

1159 569 2199 182 à S^t Pol (Pas.de.Calais) choisi par l'accusé

1248 913 2914 152 Interrogé de ses nom, prénoms, âge, lieu de naissance, état profession et domicile l'accusé

1248 1028 2941 151 a répondu se nommer Mary Emile Alexandre, âgé de vingt-deux ans, né à Brest

1159 1117 2925 177 (Finistère), célibataire, profession d'Etudiant, domicilié à Brest

1123 1237 2914 198 (Finistère) actuellement sous-Lieutenant à titre temporaire au 71^e.

1086 1373 872 198 Régiment d'Infanterie

1222 1900 2961 151 Le Président, après avoir fait lire par le greffier de convocation, le rapport prescrit par l'article 108 du Code de justice

1112 1973 3014 136 militaire, et les pièces dont la lecture lui a paru nécessaire, a fait connaître a l'accusé les faits à raison desquels il est

1164 2072 2612 120 poursuivi, et lui a donné, ainsi qu'au défenseur, l'avertissement indiqué en l'article 121 dudit Code;

1159 2145 3024 136 Après quoi, il a procédé à l'interrogatoire de l'accusé et a fait entendre publiquement et séparément les témoins à charge (1)

1728 2239 2450 131 ; lesdits témoins ayant au préalable prêté serment de parler sans haine et sans crainte, jure de dire toute la

1170 2286 626 141 vérité et rien que la vérité;

1222 2537 2956 141 Et le Président ayant, en outre, rempli à leur égard les formalités proscrites par las articles 317 et 319 du Code d'instruction

1164 2610 2915 151 criminelle;  Mentionnons que Mr Nivollon fonctionnaire de Douanes, à Calas

1243 2704 47 94 (2

1133 2720 2857 151 oncle de l'inculpé, présent dans la salle a été entendu par le Conseil, sur la

1133 2808 3040 167 demande du défenseur et sous prestation de serment (Article 125 du Code de Justice

1123 2918 2496 188 militaire et en vertu du pouvoir discrétionnaire du Président

1217 3216 2945 187 Ouï M. le Commissaire du Gouvernement en ses réquisitions tendant à ce que (3) le susnommé soit déclaré

1117 3336 2967 208 coupable de désertion à l'intérieur en temps de guerre et qu'il lui soit

1117 3466 2539 193 fait application des articles 233 et 234 du Code de Justice Militaire

1159 3774 3019 162 et l'accusé dans ses moyens de défense, tant par lui que par son défenseur, lesquels ont

1164 3889 3019 125 déclaré n'avoir rien à ajouter à leurs moyens de défense, et ont eu la parole les derniers, le Président a déclaré les débats terminés,

1159 3967 1510 136 et il a ordonné au défenseur et a l'accusé de se retirer.

1217 4187 1436 151 L'accusé a été reconduit par l'escorte à la prison;

2684 4202 1520 146 le Commissaire du Gouvernement, le Greffier et les assistants

1159 4281 1306 130 l'auditoire se sont retirés sur l'invitation du Président (4)

2496 4317 1716 105 Le Tribunal s'est retiré dans la chambre des délibérations

1217 4369 2961 147 Le Conseil délibérant à huis clos, le Président a posé la question, conformément à l'article 132 du Code de justice

1159 4432 2946 193 militaire, ainsi qu'il suit: Monsieur Mary Emile Alexandre, sous-Lieutenant à

1112 4552 2883 193 titre temporaire au 71^e Régiment d'Infanterie, en traitement à

1117 4709 2957 214 l'Hôpital n^o 21 à Berck-Plage (Pas-de-Calais), est-il

1133 4891 3052 199 coupable de désertion à l'intérieur en temps de guerre pour n'avoir

1138 5038 2964 229 pas rejoint sa formation le 3 Janvier 1916, date de l'expiration de la

1211 5173 611 115 (1) Et à décharge (s'il y en a).

1217 5252 2945 135 (2) Indiquer si des témoins ont été entendus sans prestation de serment, et pour quel motif ; dire que les pièces de conviction, s'il y en a, ont été représentées.

1154 5293 2993 157 Indiquer, en outre, ses incidents qui ont pu ce produire, en ayant soin de préciser à quel moment du débat ils ont en lieu, ses conclusions des parties, les

1138 5367 3014 146 réquisitions du ministère public, les moyens de défense présentés par l'accusé, et enfin le jugement motivé du Conseil. Dans le cas où le blanc laisse ici ne suf-

1149 5434 2998 141 firait pas pour insérer toutes ces mentions, on devra indiquer l'incident et le moment du débat il s'est produit, en ajoutant qu'il y a été statué par jugement

1143 5497 3025 146 séparé, lequel est joint et annexé au présent, et alors le jugement séparé doit indiquer la publicité de l'audience, se terminer par la même formule et être signé

1143 5560 3009 153 de la même manière que le jugement principal, en mentionnant qu'il y sera annexé comme en taisant partie. En cas de suspension d'audience et de remise au

1133 5612 1953 141 lendemain, la mention qui constate cette remise est signée par le Président et le Greffier seulement.

1201 5695 2653 157 (3) Indiquer si les réquisitions tendent à la déclaration de culpabilité et, dans ce cas, les articles de loi dont l'application est demandée.

1164 5753 2316 167 (4) S'il y a une chambre des délibérations, on mettra que le Tribunal s'est retiré dans la chambre des délibérations.

1399 5873 1489 141 Conseil de guerre. - N^o 967 de la Nomenclature générale. - Formule n^o 16.
