4225 6265
1232 292 2956 167 La séance ayant été ouverte, le Président a fait apporter et déposer devant lui, sur le bureau, un exemplaire du Code de justice

1169 396 2967 126 militaire, du Code d'instruction criminelle et du Code pénal ordinaire, et ordonné à la garde d'amener l'accusé, qui a

1169 475 2946 156 été introduit, libre et sans fers, devant le Conseil, accompagné de son défenseur d'office, le conducteur

1206 574 1755 172 Gros, du service automobile de l'Armée

1237 918 2920 167 Interrogé de ses nom, prénoms, âge, lieu de naissance, état profession et domicile l'accusé

1289 1044 2821 135 a répondu se nommer Guerin (Charles Léopold), 47 ans, né à Aclou, arr^t

1232 1132 2851 157 de Bernay (Eure), veuf, un enfant, ouvrier de scierie, domicilié avant

1242 1232 2925 177 d'entrer au servie à Rouen (Seine. Inférieure) et actuellement soldat au

1237 1341 1515 220 19^e régiment territorial d'infanterie

1232 1900 2925 167 Le Président, après avoir fait lire par le greffier l'ordre de convocation, le rapport prescrit par l'article 108 du Code de justice

1169 2004 2721 131 militaire, et les pièces dont la lecture lui a paru nécessaire, a fait connaître a l'accusé les faits à raison desquels i

1175 2093 2574 115 poursuivi, et lui a donné, ainsi qu'au défenseur, l'avertissement indiqué en l'article 121 dudit Code;

1232 2161 2914 141 Après quoi, il a procédé à l'interrogatoire d'accusé et a fait entendre publiquement et séparément les témoins à charge (1)

1712 2244 2439 126 ; lesdits témoins ayant au préalable prêté serment de parler sans haine et sans crainte, juré de dire toute la

1169 2286 606 162 vérité et rien que la vérité;

1227 2516 2909 188 Et le Président ayant, en outre, rempli à leur égard les formalités prescrites par les articles 317 et 319 du Code d'instruction

1169 2646 251 115 criminelle;

1216 2683 2841 146 (2) Aussitôt après la constatation d'identité de l'inculpé le défenseur a déposé

1222 2803 2898 131 des conclusions écrites dont il a donné lecture et tendant à ce que ledit Guérin

1216 2902 2956 131 soit soumis à un examen mental. Après avoir donné la parole au Commissaire du

1227 2991 2898 172 Gouvernement, l'accusé et son défenseur ayant déclaré n'avoir rien à ajouter et ayant en la

1237 3106 2502 162 parole les derniers, le Conseil s'est retiré dans la chambre des délibérations

1206 3247 1896 188 Ouï M. le Commissaire du Gouvernement en ses réquisitions tendant à ce que (3)

1148 3764 2988 193 et accusé dans moyens de défense, tant par que par défenseur, lesquels ont

1154 3899 2966 136 déclaré n'avoir rien à ajouter à leurs moyens de défense, et ont eu la parole les derniers, le Président a déclaré les débats terminés

1154 3978 1504 136 et il a ordonné au défenseur et a accusé de se retirer.

1211 4218 2909 157 L accusé été reconduit par l'escorte à la prison; le Commissaire du Gouvernement, le Greffier et les assistants dans

1154 4296 1295 136 l'auditoire se sont retirés sur l'invitation du Président (4);

1211 4380 2919 167 Le Conseil délibérant à huis clos, le Président a posé la question, conformément à l'article 132 du Code de justice

1138 4442 611 141 militaire, ainsi qu'il suit:

1410 4568 2731 219 Y a-t-il lieu d'ordonner un plus ample informé dans l'affaire du

1263 4714 1468 209 soldat Guérin (Charles Léopold)?

1190 5236 601 73 (1) Et à décharge (s'il y en a).

1195 5236 2930 193 (2) Indiquer si des témoins ont été entendus sans prestation de serment, et pour quel motif ; dire que les pièces de conviction, s'il y en a, ont été représentées.

1138 5299 2982 182 Indiquer, en outre, ses incidents qui ont pu ce produire, en ayant soin de préciser à quel moment du débat ils ont en lieu, ses conclusions des parties, les

1138 5387 2972 141 réquisitions du ministère public, les moyens de défense présentés par l'accusé, et enfin le jugement motivé du Conseil. Dans le cas où le blanc laisse ici ne suf-

1133 5445 2982 146 firait pas pour insérer toutes ces mentions, on devra indiquer l'incident et le moment du débat il s'est produit, en ajoutant qu'il y a été statué par jugement

1133 5513 2987 146 séparé, lequel est joint et annexé au présent, et alors le jugement séparé doit indiquer la publicité de l'audience, se terminer par la même formule et être signé

1133 5570 2982 178 de la même manière que le jugement principal, en mentionnant qu'il y sera annexé comme en taisant partie. En cas de suspension d'audience et de remise au

1133 5638 1927 146 lendemain, la mention qui constate cette remise est signée par le Président et le Greffier seulement.

1180 5695 2637 157 (3) Indiquer si les réquisitions tendent à la déclaration de culpabilité et, dans ce cas, les articles de loi dont l'application est demandée.

1180 5758 2256 162 (4) S'il y a une chambre des délibérations, on mettra que le Tribunal s'est retiré dans la chambre des délibérations.

1368 5889 1493 323 Conseil de guerre. - N^o 967 de la Nomenclature générale. - Formule n^o 16.
