4678 6175
421 159 2224 226 2^o Etait-il logé chez ladite M^me Herment?

221 1317 2964 221 Les voix recueillies séparément, conformément à l'article 131 du Code de justice militaire, en commençant par le grade inférieur

174 1440 1935 150 le Président ayant émis son opinion le dernier, le Conseil de guerre permanent déclare

360 1559 2084 200 Sur la 1^ère question, à l'unanimité, oui

344 1729 2913 195 Sur la 2^e question à la majorité de quatre voix contre une, oui

596 1909 2594 236 A la majorité, il existe des circonstances atténuantes.

200 2588 2980 195 Sur quoi, et attendu les conclusions prises par le Commissaire du Gouvernement dans ses réquisitions, le Président a lu le texte

159 2701 3016 170 de la loi, recueilli de nouveau les voix dans la forme prescrite par les articles 131 et 134 du Code de justice militaire pour l'appli-

154 2783 376 124 cation de la peine.

205 2861 2465 149 Le Conseil est rentré en séance publique, le Président a lu les motifs qui précèdent et le dispositif ci-dessous.

195 2938 690 134 En conséquence, le Conseil (1)

210 2994 3042 165 condamne, à l'unanimité, le soldat Valade (Louis) à la peine

195 3133 2980 175 de un an de prison, aux frais envers l'Etat et fixe, au minimum, la

185 3252 3072 149 durée de la contrainte par corps, par application des articles 248, 139 du code de

200 3355 1966 164 justice militaire et 9 de la loi du 22 juillet 1867

411 3468 2841 154 Mais attendu, toutefois que le condamné n'a pas subi de condamnation

185 3571 2949 170 antérieure et que ses antécédents justifient une mesure d'indulgence, le Conseil

195 3658 3217 170 déclare à l'unanimité, qu'il sera sursis à l'exécution de la peine, par application

190 3761 3134 211 des articles 1^er de la loi du 26 mars 1891, 1^er de la loi du 28 juin 1904 modifié par

200 3869 1302 170 l'article 2 de celle du 27 avril 1916.

478 3988 1801 159 Le texte de la loi appliquée est ainsi conçu:

277 4096 2965 149 Art. 248 C.J. M."... Est puni de la peine de la réclusion, et, en cas de circonstances

205 4214 3078 134 atténuantes, d'un emprisonnement d'un an à cinq ans, tout militaire qui commet un

216 4307 2058 185 vol au préjudice de l'habitant chez lequel il est logé.. »

298 4430 2877 201 Art. 139. C.J.M. "Le jugement qui prononce une peine contre l'accusé, le

236 4584 1328 129 condamne aux frais envers l'Etat.. »

298 4687 2980 206 Art 9. Loi du 22 juillet 1867. « La durée de la contrainte par corps est

257 4837 2995 164 réglée ainsi qu'il suit: de deux jours à vingt jours lorsque l'amende et

257 4960 2707 221 les autres condamnations n'excèdent pas cinquante francs... »

159 5665 2969 118 (1) Avoir soin de spécifier, s'il y a lieu, après t'indication de la peine infligée, la décision motivée du Conseil relative à ma non-imputation pour tout ou

118 5681 1276 174 partie de la détention préventive sur la durée de la peine prononcée.
