4670 6175
149 1363 2950 149 Les roix recueillies séparément, conformément à l'article 131 du Code de justice militaire, en commençant par le grade inférieur,

97 1456 1931 144 le Président ayant émis son opinion le dernier, le Conseil de guerre permanent déclare

252 1615 2080 211 A la majorité de trois voix contre deux, non

139 2644 190 134 Sur quoi,

350 2603 2795 170 et attendu les conclusions prises par le Commissaire du Gouvernement dans ces réquisitions, le Président a lu le texte

102 2734 2986 109 de la loi, recueilli de nouveau les voix dans la forme prescrite par les articles 131 et 134 du Code de justice militaire pour l'appli-

113 2819 350 108 cation de la peine.

144 2881 2476 119 Le Conseil est rentré en séance publique, le Président a lu les motifs qui précèdent et le dispositif ci-dessous.

144 2958 664 119 En conséquence, le Conseil (1)

159 2994 2961 258 acquitte l'officier d'administration de 2^e classe Guilbert

133 3159 3007 221 (Eugène César), de l'accusation dirigée contre lui et le President

133 3319 2976 205 ordonne qu'il soit mis en liberté s'il n'est retenu pour autre cause

123 3473 3228 211 conformément à l'article 136 du code de justice militaire, ainsi conçu:

175 3612 3032 201 .... si l'accusé n'est pas reconnu coupable, le Conseil prononce

149 3715 3105 257 son acquittement et le président ordonne qu'il soit mis en liberté s'il

144 3941 1601 170 n'est retenu pour autre cause...»

123 5651 3043 109 (1) Avoir soin de spécifier, s'il y a lieu, après t'indication de la peine infligée, la décision motivée du Conseil relative à ma non-imputation pour tout ou

133 5681 1262 154 partie de la détention préventive sur la durée de la peine prononcée.
