4678 6175
226 1332 2985 206 Les voix recueillies séparément, conformément à l'article 131 du Code de justice militaire, on commençant par le grade inférieur,

174 1476 1966 139 le Président ayant émis son opinion le dernier, le Conseil de guerre permanent déclare

416 1831 2115 201 A la majorité de trois voix contre deux: Non

231 2644 2975 145 Sur quoi, et attendu les conclusions prises par le Commissaire du Gouvernement dans ses réquisitions, le Président à lu le texte

174 2737 3016 139 de la loi, recueilli de nouveau les voix dans la forme prescrite par les articles 131 et 134 du Code de justice militaire pour l'appli-

174 2825 376 108 cation de la peine.

210 2881 2507 119 Le Conseil est rentré en séance publique, le Président a lu les motifs qui précèdent et le dispositif ci-dessous.

210 2964 2924 118 En conséquence, le Conseil (1) acquitte le soldat Pignolet Eugène

226 3046 2820 128 Prospère susqualiféé de la prévention dirigée contre lui et le

226 3118 2892 134 Président ordonne qu'il soit mis en liberté s'il n'est retenu pour

210 3226 2888 98 autre cause, conformément à l'article 136 du Code de Justice

216 3303 2830 98 Militaire ainsi conçu: -------- si l'accusé n'est par reconnu

216 3370 2825 170 coupable le Conseil prononce son acquittement et le Président ordonne qu'il soit mis

226 3458 1528 144 en liberté, s'il n'est retenu pour autre cause.

221 5670 2980 134 (1) Avoir soin de spécifier, s'il y a lieu, après t'indication de la peine infligée, la décision motivée du Conseil relative à ma non-imputation pour tout ou

169 5706 1302 165 partie de la détention préventive sur la durée de la peine prononcée.
