4670 6175
211 252 545 133 N^o DU JUGEMENT:

370 329 206 221 341

401 499 170 164 (Art. 140

231 535 525 133 du Code de justice militaire.)

236 684 489 144 MINUTE DE JUGEMENT.

1086 344 1158 134 RÉPUBLIQUE FRANÇAISE.

1359 807 597 196 JUGEMENT

411 1003 2781 185 rendu par le CONSEIL DE GUERRE permanent du Q. G. de l'Armée de Noailles

1246 1137 1091 170 séant à Ponchon (oise)

2785 277 165 98 N^o 967

2558 319 623 128 DE LA NOMENCEATURE GÉNÉRALE.

2641 432 448 144 [FORMULE N^o 16.]

2589 530 541 185 N^o 52 D'ORDRE.

2615 746 500 118 Date du crime ou du délit.

2687 813 330 138 3 mai 1915

1251 1451 808 159 AU NOM DU PEUPLE FRANÇAIS,

231 1590 2297 149 Le Conseil de guerre permanent du Q. G. de l'Armée de noailles

164 1734 1045 123 a rendu le jugement dont la teneur suit:

226 1837 1967 190 CEJOURD'HUI six Avril de l' - an mil neuf cent seize

221 1950 2178 118 Le Conseil de guerre permanent du Q. G. de l'Armée de Noailles

164 2037 1869 119 composé, conformément aux articles 33 et 34 du Code de justice militaire, de MM.

221 2120 2080 159 de Loisy, Lieutenant-Colonel au 29^e Régiment de Dragons

2718 2104 206 185 Président;

236 2264 2158 144 de Carmejare, Chef d'Escadron au A.P.A de l'Armée de Noaille,

231 2392 1215 180 Chaudés, Capitaine de Gendarmerie

247 2531 2275 196 Fiérot, sous lieutenant au 19^e Escadron de Train des Equipages Militaires

241 2665 1489 185 Bollinger. Sergent au 8^e Régiment du Génie,

2713 2583 139 144 Juges.

175 2938 3048 252 tous nommés par le (1) Général de Division Commandant l'Armée de noailles

185 3066 1519 119 M. Chauffard, Sous Lieutenant d'Inf^ie Commissaire du Gouvernement;

175 3138 1400 124 M. Darut, Maréchal des Logis. Commis Greffier près ledit Conseil;

236 3195 2601 139 Lesquels ne se trouvent dans aucun des cas d'incompatibilité prévus par les articles 22, 23 et 24 du Code précité;

221 3277 2966 134 Le Conseil, convoqué par l'ordre du commandant, conformément à l'article 111 du Code de justice militaire, c'est réuni dans

175 3349 1292 124 le lieu ordinaire de ses séances, en audience publique (2)

221 3385 2981 191 A l'effet de juger le réserviste Delebecque Fernand fils de Malchior

169 3494 3146 154 et de Melvie Elise, né le 22 février 1885, a Marquillies arrond^t de Lille

180 3591 3001 111 département du nord, profession d'agent des chemins de fer du nord

169 3653 3146 170 résidant, avant son entrée au service, à Billy-Mousigny arrondissement de Béthune (nord)

221 3741 365 113 Taille d'un mètre

1230 3741 484 113 millimètres, cheveux

2507 3746 154 118 , front

169 3813 88 175 yeux

1153 3813 129 123 , nez

2198 3807 201 134 , visage

216 3874 1550 119 Renseignements physionomiques complémentaires: Néant

205 3946 860 155 Marques particulières: Néant

1488 3967 1009 144 Marié- Deux enfants

159 4018 62 144 (3)

288 4085 3135 242 homme d'équipe de 1^ère classe de la Compagnie des Chemins de fer du Nord

458 4554 2775 257 Prévenu de: Blessures involontaires par imprudence

1292 4837 1251 200 Condamnations antérieures

1730 4991 669 247 Région envahie

216 5341 2988 93 (1) Le gouverneur civil ou militaire. - Le général commandant le corps d'armée (France). Le général commandant la division militaire, la division ou

175 5356 2411 119 la brigade d'occupation, etc... – ou le ministre de la guerre, selon les cas prévus par l'article 8 du Code de justice militaire.

226 5413 2971 144 (2) Si le huis clos a été ordonné, le dire en visant l'article 113 du Code de justice militaire; il ne peut être ordonné que pour les débats, et tous les jugements

175 5475 674 84 doivent être prononcés publiquement.

216 5516 2008 165 (3) Indiquer le crime ou le délit sur lequel l'accusé a été traduit devant de Conseil de guerre (art. 140).

226 5681 366 118 FORMULE N^o 16

20 4667 103 293 430-463-1915
