4192 6265
1113 318 2812 172 Enjoint au Commissaire du Gouvernement de faire donner immédiatement en sa présence lecture du présent jugement a

1108 438 1500 136 l'acquitté devant la garde rassemblée sous les armes,

1055 480 3037 151 de avertir que la loi accorde un délai de trois jours francs pour se pourvoir en cassation (1), ou de vingt-quatre heures

1055 600 737 141 pour se pourvoir en revision (2).

1123 725 2572 172 Fait, clos et jugé sans désemparer, en séance publique, à Pouchon (oise), les jour, mois et an que dessus.

1118 882 2974 141 En conséquence, LE PRÉSIDENT DE LA RÉPUBLIQUE MANDE et ORDONNE à tous huissiers sur ce requis de mettre ledit jugement à

1050 965 3047 126 exécution; aux Procureurs généraux et aux Procureurs de la République près les tribunaux de première instance d'y tenir la

1045 1038 2744 152 main; à tous commandants et officiers de la force publique de prêter main-forte lorsqu'ils en seront légalement requis.

1108 1148 2153 151 En foi de quoi le présent jugement a été signé par les Membres du Conseil et par le Greffier.

2237.0 1446.0 423.0 282.0 +

2796 1440 962 355 +

1521 1357 522 371 +

3721.0 1409.0 423.0 339.0 +

1123 1373 507 506 +

2331.0 1707.0 360.0 266.0 +

1102 1942 2912 130 L'an mil neuf cent seize le six Avril le présent jugement a été lu par nous, Greffier soussigné, a l'acquitté

2163 1999 1908 131 averti par le Commissaire du Gouvernement que l'article 44 de la loi du 17 avril

1071 2093 2744 115 1906 accorde trois jours pour se pourvoir en cassation (1), ou que les articles 141 et 143 du Code de justice militaire

1066 2171 2890 115 accordent vingt-quatre heures pour se pourvoir en revision (2), lesquels commencent à courir de l'expiration du présent jour.

3982 2166 95 125 Cette

1050 2244 1458 131 lecture faite en présence de la garde rassemblée sous les armes.

1724 2349 784 136 Le Commissaire du Gouvernement,

1698 2474 758 293 +

3235 2349 261 151 Le Greffier,

3340.0 2349.0 611.0 444.0 +

2258 2840 637 146 EXÉCUTOIRE.

1118 3111 2472 251 Vu la procédure instruite contre le soldat Pignolet Eugène Prospère

1045 3252 899 136 et les frais d'icelle dont le détail suit:

1296 3356 2226 141 1^o Coût du transport des pièces et objets pouvant servie à conviction ou à décharge................. ......

1301 3466 2221 105 2^o Honoraires des officiers de santé, médecins, chirurgiens civils, sages-femmes, experts, interprètes, traducteurs et

1390 3524 2132 104 autres, appelés en justice.................................................................

1291 3571 2231 120 3^o Indemnités accordées aux témoins civils et militaires..............................................

1296 3649 2226 99 4^o Frais de garde de scellés et ceux de mise en fourrière.............................................

1296 3706 2216 99 5^o Indemnités de route, de transport et de séjour, accordées aux membres des tribunaux militaires pour les dépla-

1390 3764 2132 115 cements auxquels l'instruction des procédures peut donner lieu, ainsi que toutes autres dépenses nécessitées

1395 3832 2127 99 de ce chef..............................................................................

1306 3873 2216 131 6^o Port des lettres et paquets pour l'instruction, sauf le port des lettres résultant de l'application de la loi du

1406 3957 2106 104 15 juin 1899............................................................................

1301 3999 2221 125 7^o Frais l'impression des arrêts, jugements et ordonnances de justice, quand il y a lieu..................

1301 4077 2221 99 8^o Prime de capture des contumax, des déserteurs et des insoumis......................................

1296 4134 2226 115 9^o Frais résultant de l'obtention des extraits du casier judiciaire.........................................

1280 4181 2237 120 10^o Prix du bulletin n^o 1 et du duplicata dudit (décret du 12 décembre 1899, art. 13).....................

1280 4265 2242 115 11^o Coût des bulletins n^o 1 et du duplicata de ces bulletins établis par les greffiers des conseils de guerre au sujet

1421 4328 2096 120 des condamnations prononcées par ces conseils (décret du 12 décembre 1899, art. 13)....................

1275 4369 2420 126 12^o Frais de procédure ou coût du jugement........................................................ 12^f 00

1280 4448 2237 120 13^o Amende.........................................................................................

1275 4505 2242 115 14^o Décimes additionnels (en France)...............................................................

1275 4573 2237 120 15^o Frais fixes de procédure devant la Cour de cassation ou le Conseil de revision...........................

1280 4636 2248 125 16^o Frais fixes de procédure devant le Conseil de guerre jugeant en 2^e instance.............................

2069 4740 1459 141 TOTAL..................................................

1123 4876 2948 177 Vu le dispositif du jugement définitif, l'article 139 du Code de justice militaire, le Président du - Conseil de guerre

1055 5006 2227 126 permanent de la liquide les frais dont l'état est ci-dessus à la somme de

2179 5079 1892 120 du montant de laquelle il délivre le présent exécutoire, pour le recouvrement de

1061 5132 2932 146 ladite somme être poursuivi sur les biens présents et à venir d condamné, par les percepteurs des Contributions directes.

1123 5220 2954 136 En conséquence, LE PRÉSIDENT DE LA RÉPUBLIQUE MANDE ET ORDONNE à tous huissiers sur ce requis de mettre ledit jugement à

1061 5304 3005 125 exécution; aux Procureurs généraux et aux Procureurs de la République près les tribunaux de première instance d'y tenir la

1061 5372 2723 151 main; à tous commandants et officiers de la force publique de prêter main-forte lorsqu'ils en seront légalement requis.

1118 5445 1160 109 Fait, en la Chambre du Conseil de guerre susdit,

2906 5481 99 100 , le

1160 5518 1118 83 Le présent, jugement a commencé a

935 5528 1479 131 recevoir son exécution le six Avril mil neuf cent

899 5612 1113 120 seize pour compter du même jour

1693 5622 674 147 Le Commis Greffier

1949.0 5727.0 241.0 240.0 +

1113 5737 789 110 1 En France, en Algérie et en Tunisie.

1108 5789 616 147 (2 Aux colonies et aux armées.

3010 5633 303 99 Le Président,

3026.0 5695.0 564.0 361.0 +
