4248 6265
1217 339 2821 125 Enjoint au Commissaire du Gouvernement de faire donner immédiatement en sa présence lecture du présent jugement a ce

1206 422 1490 110 condamné devant la garde rassemblée sous les armes,

1139 464 3030 152 de avertir que la loi accorde un délai de trois jours francs pour se pourvoir en cassation (1), ou de vingt-quatre heures

1154 569 721 125 pour se pourvoir en revision (2).

1201 647 2571 214 Fait, clos et jugé sans désemparer, en séance publique, à Ponchon (oise), les jour, mois et an que dessus.

1206 840 2937 146 En conséquence, LE PRÉSIDENT DE LA RÉPUBLIQUE MANDE et ORDONNE à tous huissiers sur ce requis de mettre ledit jugement à

1139 950 3004 109 exécution; aux Procureurs généraux et aux Procureurs de la République près les tribunaux de première instance d'y tenir la

1128 1023 2738 115 main; à tous commandants et officiers de la force publique de prêter main-forte lorsqu'ils en seront légalement requis.

1196 1138 2127 156 En foi de quoi le présent jugement a été signé par les Membres du Conseil et par le Greffier.

2445.0 1456.0 345.0 230.0 +

1107.0 1258.0 559.0 496.0 +

1598 1310 680 402 +

3145 1524 805 277 +

2434.0 1618.0 450.0 329.0 +

3829.0 1524.0 382.0 371.0 +

1191 1921 2910 99 L'an mil neuf cent seize le six Avril le présent jugement à été lu par nous, Greffier soussigné, au condamné

2225 1989 1892 120 averti par le Commissaire du Gouvernement que l'article 44 de la loi du 17 avril

1133 2051 2759 115 1906 accorde trois jours pour se pourvoir en cassation (1), ou que les articles 141 et 143 du Code de justice militaire

1118 2130 3015 125 accordent vingt-quatre heures pour se pourvoir en revision (2), lesquels commencent à courir de l'expiration du présent jour. Cette

1118 2197 1457 131 lecture faite en présence de la garde rassemblée sous les armes.

1786 2307 789 146 Le Commissaire du Gouvernement,

1807 2391 805 417 +

3312 2323 261 125 Le Greffier,

3213 2344 721 517 +

2309 2829 658 120 EXÉCUTOIRE.

1180 3038 2864 277 Vu la procédure instruite contre le réserviste Delebecque Fernand

1112 3221 883 151 et les frais d'icelle dont le détail suit:

1358 3325 2221 146 1^o Coût du transport des pièces et objets pouvant servie à conviction ou à décharge................. ......

1348 3419 2246 110 2^o Honoraires des officiers de santé, médecins, chirurgiens civils, sages-femmes, experts, interprètes, traducteurs et

1447 3487 2137 104 autres, appelés en justice.................................................................

1358 3529 2226 136 3^o Indemnités accordées aux témoins civils et militaires..............................................

1353 3607 2220 120 4^o Frais de garde de scellés et ceux de mise en fourrière.............................................

1353 3670 2220 120 5^o Indemnités de route, de transport et de séjour, accordées aux membres des tribunaux militaires pour les dépla-

1452 3727 2121 120 cements auxquels l'instruction des procédures peut donner lieu, ainsi que toutes autres dépenses nécessitées

1447 3795 2121 115 de ce chef..............................................................................

1358 3837 2231 130 6^o Port des lettres et paquets pour l'instruction, sauf le port des lettres résultant de l'application de la loi du

1463 3920 2116 120 15 juin 1899............................................................................

1358 3957 2215 151 7^o Frais l'impression des arrêts, jugements et ordonnances de justice, quand il y a lieu..................

1348 4020 2225 146 8^o Prime de capture des contumax, des déserteurs et des insoumis......................................

1358 4098 2215 120 9^o Frais résultant de l'obtention des extraits du casier judiciaire.........................................

1348 4161 2231 130 10^o Prix du bulletin n^o 1 et du duplicata dudit (décret du 12 décembre 1899, art. 13).....................

1342 4223 2231 136 11^o Coût des bulletins n^o 1 et du duplicata de ces bulletins établis par les greffiers des conseils de guerre au sujet

1483 4291 2299 115 des condamnations prononcées par ces conseils (décret du 12 décembre 1899, art. 13).................... 0,40

1327 4348 2424 121 12^o Frais de procédure ou coût du jugement........................................................ 12^f 00

1337 4416 2419 110 13^o Amende......................................................................................... 1.00

1332 4469 2445 130 14^o Décimes additionnels (en France)............................................................... 0,25

1316 4531 2257 141 15^o Frais fixes de procédure devant la Cour de cassation ou le Conseil de revision...........................

1327 4599 2252 131 16^o Frais fixes de procédure devant le Conseil de guerre jugeant en 2^e instance.............................

2121 4703 1667 147 TOTAL.................................................. 13^f 65

1170 4844 2916 188 Vu le dispositif du jugement définitif, l'article 139 du Code de justice militaire, le Président du - Conseil de guerre

1107 4959 2931 131 permanent de l'armée de noailles, liquide les frais dont l'état est ci-dessus à la somme de Treize francs

1144 5038 2952 146 soixante cinq centimes du montant de laquelle il délivre le présent exécutoire, pour le recouvrement de

1118 5095 2920 162 ladite somme être poursuivi sur les biens présents et à venir du condamné, par les percepteurs des Contributions directes.

1159 5179 2932 167 En conséquence, LE PRÉSIDENT DE LA RÉPUBLIQUE MANDE ET ORDONNE à tous huissiers sur ce requis de mettre ledit jugement à

1107 5241 2984 167 exécution; aux Procureurs généraux et aux Procureurs de la République près les tribunaux de première instance d'y tenir la

1107 5330 2707 151 main; à tous commandants et officiers de la force publique, de prêter main-forte lorsqu'ils en seront légalement requis.

888 5458 1422 123 Le présent jugement a commencé à recevoir son

1170 5437 2561 159 Fait en la Chambre du Conseil de guerre susdit, à Ponchon (oise), le 6 avril 1916

809 5513 1427 115 exécution le six Avril mil neuf cent seize pour

815 5591 815 131 compter du même, jour

1651 5622 439 115 Le C^is Greffier

1792 5732 292 235 +

1159 5732 748 52 1 En France, en Algérie et en Tunisie

1159 5774 633 115 (2 Aux colonies et aux armées.

3056 5596 303 126 Le Président,

3061.0 5591.0 539.0 418.0 +
