4630 6175
180 1322 2961 180 Les voix recueillies séparément, conformément à l'article 131 du Code de justice militaire, on commençant par le grade inférieur,

128 1451 1952 159 le Président ayant émis son opinion le dernier, le Conseil de guerre permanent déclare

123 1795 2457 170 Sur la 1^ère Question.  a la majorité de quatre voix contre une: oui

97 2006 2426 191 dur la 2^e Question - a la majorité de quatre voix contre une: oui

175 2608 2982 150 Sur quoi, et attendu les conclusions prises par le Commissaire du Gouvernement dans ses réquisitions, le Président a lu le texte

139 2717 3028 123 de la loi, recueilli de nouveau les voix dans la forme prescrite par les articles 131 et 134 du Code de militaire pour l'appli-

139 2804 376 103 cation de la peine.

180 2861 2492 118 Le Conseil est rentré en séance publique, le Président a lu les motifs que précèdent et le dispositif ci-dessous.

185 2933 2966 133 En conséquence, le Conseil (1) condamne 1^o le soldat Boutolleau, François, susqualifié, à

139 3020 3023 124 la majorité de quatre voix contre une, à la peine de Un mois de prison, 2^o le soldat

154 3108 3044 133 Martin François, susqualifié, à la majorité de trois voix contre deux, à la peine de Un mois

139 3185 3059 149 de prison, par application des articles 1^er de la loi du 23 Janvier 1873 et 271 du Code de Justice Militaire.

139 3298 3012 98 Le Conseil les condamne en outre solidairement aux frais envers l'Etat et fixe au minimum

144 3370 2992 118 pour chacun d'eux, la durée de la contrainte par corps, par application des articles 139 du Code de

149 3458 2039 133 Justice Militaire, 55 du Code Pénal, et 9 de la Loi du 22 Juillet 1867

221 3545 1411 108 Le texte de la loi appliquée est ainsi conçu:

159 3596 3054 170 Article 271 du Code de Justice Militaire: Sont laissées à la répression de l'autorité militaire, et punies

144 3705 3074 128 d'un emprisonnement dont la durée ne peut excéder deux mois: 1^o « Les contraventions de police commises par

139 3787 3069 118 les militaires; 2^o « Les infractions aux règlements relatifs à la discipline, Toutefois, l'autorité militaire peut

144 3864 3074 124 toujours, suivant la gravité des faits, déférer le jugement des contraventions de police au Conseil de Guerre;

139 3946 1612 119 qui applique la peine déterminée par le présent article,

159 4013 3065 149 Article 139 du Code de Justice Militaire: Le jugement qui prononce une peine contre l'accusé, le condamne

139 4106 3059 139 aux frais envers l'Etat. Il ordonne, en outre, dans les cas prévus par la loi, la confiscation des objets saisis et

164 4199 3013 113 la restitution, soit du profit de l'Etat, soit au profit des propriétaires, de tous objet saisis ou produits au

164 4276 938 139 procès comme pièces de conviction.

169 4353 3029 139 Article 55 du Code Pénal: Tous les individus condamnés pour un même crime ou pour un même délit

159 4440 2632 124 seront tenus solidairement des amende, des restitutions, des dommages-intérêt et des frais,

164 4497 2962 165 Article 9 de la Loi du 22 juillet 1867: La durée de la contrainte par corps est réglée ainsi qu'il suit:

154 4584 3023 227 de deux jours à vingt jours. Lorsque l'amende et les outres condamnations n'excèdent pas Cinquante

164 4698 217 144 francs.

195 5655 2967 108 (1) Avoir soin de spécifier, s'il y a lieu, après t'indication de la peine infligée, la décision motivée du Conseil relative à ma non-imputation pour tout ou

149 5681 1282 154 partie de la détention préventive sur la durée de la peine prononcée.
