4399 6029
180 190 815 252 N^o DU JUGEMENT: 315

377.0 502.0 206.0 110.0 (Art. 140

206 527 568 146 du Code de justice militaire.)

216 708 528 176 MINUTE DE JUGEMENT.

1090 341 1172 156 RÉPUBLIQUE FRANÇAISE.

1347 798 623 186 JUGEMENT

392 999 2594 181 rendu par le - CONSEIL DE GUERRE permanent du q. g. de la X Armée

1246 1160 1639 141 séant à S^t Pol (Pas-de-Calais)

2770 271 186 85 N^o 967

2543.0 326.0 624.0 116.0 DE LA NOMENCLATURE GÉNÉRALE.

2639 427 457 135 [FORMULE N^o 16.]

2574 517 543 186 N^o 26 D'ORDRE.

2594 733 533 111 Date du crime ou du délit.

2448 798 674 206 3 Janvier 1916

1236 1441 850 151 AU NOM DU PEUPLE FRANÇAIS,

201 1582 2076 191 Le - Conseil de guerre permanent du q. g. de la X Armée

140 1728 1111 130 a rendu le jugement dont la teneur suit:

196 1813 2056 181 CEJOURD'HUI douze février de l'an mil neuf cent seize

165 1944 2001 120 Le Conseil de guerre permanent de la q.g. de la X Armée

140 2014 1926 151 composé, conformément aux articles 33 et 34 du Code de justice militaire, de MM.

140 2120 1805 191 de Loisy - Lt Colonel au 29^e Régiment de Dragons

2704 2085 237 185 Président;

125 2306 2077 206 de Carmejane. Chef d'Escadron au G.P. A. de la X^e Armée

90 2466 1277 186 Cabis - Capitaine de Gendarmerie

130 2637 2036 201 Bérant- Lieutenant au 107 Régt T d'Infanterie

150 2808 2293 201 Fievet - s/ Lieutenant au 18^e Escadron du Train des Equipes Militaires

2704 2572 156 156 Juges.

145 2959 1755 130 tous nommés par le (1) Général Commandant la X^e Armée

165 3064 1564 111 M. Durmerin Chef d'Escadron Commissaire du Gouvernement;

160 3140 1443 100 M. Grimad Adjudant Greffier près ledit Conseil;

226 3170 2644 150 Lesquels ne se trouvent dans aucun des cas d'incompatibilité prévus par les articles 22, 23 et 24 du Code précités;

216 3260 2996 126 Le Conseil, convoqué par l'ordre du commandant, conformément à l'article 111 du Code de justice militaire, s'est réuni dans

160 3351 1313 115 le lieu ordinaire de ses séances, en audience publique (2)

221 3315 3268 232 A l'effet de juger le sous-Lieutenant à titre temporaire Mary Emile Alexandre fils de Alphonse

165 3481 2353 131 et de Maria Nivolon, né le 28 juillet 1894, à Brest

160 3577 739 120 département du Finistère

1578 3577 719 110 , profession d'Etudiant

155 3612 1705 151 residant, avant son entrée au service, à Brest (Finistère)

216 3707 1825 146 Taille d'un mètre - 730 - millimètres, cheveux chatains

2513 3717 417 131 , front moyen

150 3803 1488 110 yeux gris bleu, nez rectiligne

2202 3798 497 120 , visage ovale

221 3878 1216 111 Renseignements physionomiques complémentaires:

1679 3808 261 181 Néant

216 3948 1875 151 Marques particulières: Néant Célibataire

155 4004 116 145 (3)

175 4170 2147 296 du 71^e Régiment d'Infaterie

140 4627 2790 196 Accusé de Désertion à l'Intérieur en temps de guerre

1095 4878 1343 281 Condamnations Antérieures

1447 5104 377 181 Néant

231 5315 3006 65 (1) Le gouverneur civil ou militaire. - Le général commandant le corps d'armée (France). Le général commandant la division militaire, la division ou

196 5340 2408 101 la brigade d'occupation, etc... – ou le ministre de la guerre, selon les cas prévus par l'article 8 du Code de justice militaire.

231 5375 3006 161 (2) Si le huis clos a été ordonné, le dire en visant l'article 113 du Code de justice militaire ; il ne peut être ordonné que pour les débats, et tous les jugements

186 5431 708 120 doivent être prononcés publiquement.

226 5486 2041 171 (3) Indiquer le crime ou le délit sur lequel l'accusé a été traduit devant de Conseil de guerre (art. 140).

251 5677 402 105 FORMULE N^o 16.
