4209 6265
1133 360 2804 151 Enjoint au Commissaire du Gouvernement de faire donner immédiatement en sa présence lecture du présent jugement à

1117 459 1514 130 l'acquitté devant la garde rassemblée sous les armes,

1070 522 3013 151 de avertir que la loi accorde un délai de trois jours francs pour se pourvoir en cassation (1), ou de vingt-quatre heures

1070 610 731 147 pour se pourvoir en revision (2).

1143 720 2569 193 Fait, clos et jugé sans désemparer, en séance publique, à S^t Pol, les jour, mois et an que dessus.

1070 981 3013 146 exécution; aux Procureurs généraux et aux Procureurs de la République près les tribunaux de première instance d'y tenir la

1143 877 2945 167 En conséquence, LE PRÉSIDENT DE LA RÉPUBLIQUE MANDE et ORDONNE à tous huissiers sur ce requis de mettre ledit jugement à

1080 1059 2737 147 main; à tous commandants et officiers de la force publique de prêter main-forte lorsqu'ils en seront légalement requis.

1148 1185 2141 146 En foi de quoi le présent jugement a été signé par les Membres du Conseil et par le Greffier.

3671 1190 485 339 +

2261 1289 632 298 +

1834.0 1326.0 456.0 321.0 +

2460.0 1459.0 504.0 152.0 +

2776.0 1477.0 461.0 164.0 +

3176.0 1459.0 565.0 152.0 +

3832.0 1605.0 334.0 134.0 +

1148 1952 2899 136 L'an mil neuf cent seize le dix mars le présent jugement à été lu par nous, Greffier soussigné, à l'acquitté

2193 2020 1916 120 averti par le Commissaire du Gouvernement que l'article 44 de la loi du 17 avril

1101 2109 2732 125 1906 accorde trois jours pour se pourvoir en cassation (1), ou que les articles 141 et 143 du Code de justice militaire

1091 2177 2898 130 accordent vingt-quatre heures pour se pourvoir en revision (2), lesquels commencent à courir de l'expiration du présent jour.

4010.0 2177.0 84.0 125.0 Cette

1091 2260 1446 157 lecture faite en présence de la garde rassemblée sous les armes.

1770 2375 778 131 Le Commissaire du Gouvernement,

1879 2469 491 235 +

3274 2375 245 120 Le Greffier,

3091 2406 867 355 +

2292 2871 637 162 EXÉCUTOIRE.

1169 3122 789 203 Vu la procédure instruite contre le

1091 3263 877 151 et les frais d'icelle dont le détail suit:

1336 3377 2220 147 1^o Coût du transport des pièces et objets pouvant servie à conviction ou à décharge................. ......

1336 3477 2225 120 2^o Honoraires des officiers de santé, médecins, chirurgiens civils, sages-femmes, experts, interprètes, traducteurs et

1430 3550 2131 104 autres, appelés en justice.................................................................

1342 3602 2219 115 3^o Indemnités accordées aux témoins civils et militaires..............................................

1336 3670 2230 99 4^o Frais de garde de scellés et ceux de mise en fourrière.............................................

1336 3738 2225 94 5^o Indemnités de route, de transport et de séjour, accordées aux membres des tribunaux militaires pour les dépla-

1436 3795 2130 99 cements auxquels l'instruction des procédures peut donner lieu, ainsi que toutes autres dépenses nécessitées

1441 3863 2125 89 de ce chef..............................................................................

1357 3910 2209 120 6^o Port des lettres et paquets pour l'instruction, sauf le port des lettres résultant de l'application de la loi du

1441 3978 2125 99 15 juin 1899............................................................................

1352 4035 2214 120 7^o Frais l'impression des arrêts, jugements et ordonnances de justice, quand il y a lieu..................

1342 4108 2224 105 8^o Prime de capture des contumax, des déserteurs et des insoumis......................................

1347 4171 2219 99 9^o Frais résultant de l'obtention des extraits du casier judiciaire.........................................

1342 4228 2224 110 10^o Prix du bulletin n^o 1 et du duplicata dudit (décret du 12 décembre 1899, art. 13).....................

1331 4296 2235 99 11^o Coût des bulletins n^o 1 et du duplicata de ces bulletins établis par les greffiers des conseils de guerre au sujet

1472 4354 2094 104 des condamnations prononcées par ces conseils (décret du 12 décembre 1899, art. 13)....................

1326 4390 2407 120 12^o Frais de procédure ou coût du jugement........................................................ 12^f 00

1326 4474 2251 104 13^o Amende.........................................................................................

1326 4542 2251 109 14^o Décimes additionnels (en France)...............................................................

1326 4604 2245 115 15^o Frais fixes de procédure devant la Cour de cassation ou le Conseil de revision...........................

1326 4662 2245 115 16^o Frais fixes de procédure devant le Conseil de guerre jugeant en 2^e instance.............................

2120 4771 1467 152 TOTAL..................................................

1190 4902 2898 172 Vu le dispositif du jugement définitif, l'article 139 du Code de justice militaire, le Président du Conseil de guerre

1117 5032 2219 126 permanent de la - liquide les frais dont l'état est ci-dessus à la somme de

1117 5163 2919 136 ladite somme être poursuivi sur les biens présents et à venir d - condamné, par les percepteurs des Contributions directes.

2240 5100 1864 120 du montant de laquelle il délivre le présent exécutoire, pour le recouvrement de

1180 5252 2919 120 En conséquence, LE PRÉSIDENT DE LA RÉPUBLIQUE MANDE ET ORDONNE a tous huissiers sur ce requis de mettre ledit jugement à

1117 5330 2998 115 exécution; aux Procureurs généraux et aux Procureurs de la République près les tribunaux de première instance d'y tenir la

1117 5408 2721 141 main; à tous commandants et officiers de la force publique de prêter main-forte lorsqu'ils en seront légalement requis.

1174 5476 1170 152 Fait en la Chambre du Conseil de guerre susdit, à

2971 5502 89 204 , le

1164 5779 794 89 1 En France, en Algérie et en Tunisie.

1159 5821 611 146 (2 Aux colonies et aux armées.

3065 5596 318 188 Le Président,
