4399 6029
180 110 2942 186 permission de deux jours qui lui avait été accordée pour se rendre

155 256 2926 191 à Calais, ni dans les cinq jours qui ont suivi et ne s'être

145 417 2931 190 présenté à l'Hôpital que le 10 Janvier 1916 vu 13H30

145 583 2955 235 après y avoir été invité par le Gouverneur de Calais?

241 1336 2961 211 Les voix recueillies séparément, conformément à l'article 131 du Code de justice militaire, ou commençant par le grade inférieur,

90 1462 2056 165 le Président ayant émis son opinion le dernier, le Conseil de guerre permanent déclare

175 1904 3203 221 A la majorité de quatre voix contre une l'accusé n'est pas coupable

226 2607 2966 181 Sur quoi, et attendu les conclusions prises par le Commissaire du Gouvernement dans ses réquisitions, le Président a lu le texte

100 2718 3102 175 de la loi, recueilli de nouveau les voix dans la forme prescrite par les articles 131 et 134 du Code de militaire pour l'appli-

170 2813 403 111 cation de la peine.

221 2878 2483 121 Le Conseil est rentré en séance publique, le Président a lu les motifs que précèdent et le dispositif ci-dessous.

211 2944 2714 155 En conséquence, le Conseil (1) acquitte le Sous-Lieutenant à

140 3049 3183 201 titre temporaire Mary Emile Alexandre susqualifié, de l'accusation

130 3200 2916 201 dirigée contre lui et le Président ordonne qu'il soit mis

120 3351 3027 175 en liberté s'il n'est retenu pour autre cause par application de

120 3496 2906 186 l'article 136 du Code de Justice Militaire dont le Président

130 3657 2062 176 a donné lecture en séance publique et ainsi conçu:

135 3818 2961 201 Article 136 du Code de Justice Militaire: «... Si l'accusé n'est pas reconnu

115 3979 3017 175 coupable, le Conseil prononce son acquittement et le President ordonne qu'il

130 4124 2092 141 soit mis-en liberté s'il n'est retenu pour autre cause

191 5586 2996 171 (1) Avoir soin de spécifier, s'il y a lieu, après t'indication de la peine infligée, la décision motivée du Conseil relative à ma non-imputation pour tout ou

150 5682 1340 149 partie de la détention préventive sur la durée de la peine prononcée.
