4184 6265
1128 308 2888 177 Enjoint au Commissaire du Gouvernement de faire donner immédiatement en sa présence lecture du présent jugement aux

1055 438 1567 99 condamnés - devant la garde rassemblée sous les armes,

1065 501 3024 125 de avertir que la loi accorde un délai de trois jours francs pour se pourvoir en cassation (1), ou de vingt-quatre heures

1076 589 720 152 pour se pourvoir en revision (2).

1117 683 2581 183 Fait, clos et jugé sans désemparer, en séance publique, à Ponchon (oise), les jour, mois et an que dessus.

1123 856 2956 162 En conséquence, LE PRÉSIDENT DE LA RÉPUBLIQUE MANDE et ORDONNE à tous huissiers sur ce requis de mettre ledit jugement à

1055 971 3029 114 exécution; aux Procureurs généraux et aux Procureurs de la République près les tribunaux de première instance d'y tenir la

1055 1038 2726 136 main; à tous commandants et officiers de la force publique de prêter main-forte lorsqu'ils en seront légalement requis.

1133 1127 2121 188 En foi de quoi le présent jugement a été signé par les Membres du Conseil et par le Greffier.

2408.0 1414.0 318.0 178.0 +

1854.0 1273.0 559.0 439.0 +

1284.0 1336.0 491.0 360.0 +

2935.0 1430.0 810.0 345.0 +

3672.0 1451.0 491.0 449.0 +

1123 1947 2914 94 L'an mil neuf cent seize et le six avril, le présent jugement à été lu par nous, Greffier soussigné, aux condamnés

2157 1999 1922 131 averti par le Commissaire du Gouvernement que l'article 44 de la loi du 17 avril

1065 2088 2727 104 1906 accorde trois jours pour se pourvoir en cassation (1), ou que les articles 141 et 143 du Code de justice militaire

1060 2150 2894 126 accordent vingt-quatre heures pour se pourvoir en revision (2), lesquels commencent à courir de l'expiration du présent jour.

3975 2156 99 193 Cette

1060 2224 1436 146 lecture faite en présence de la garde rassemblée sous les armes.

1723 2344 779 130 Le Commissaire du Gouvernement,

1812 2432 580 167 +

3238 2344 251 135 Le Greffier,

3217.0 2427.0 554.0 449.0 +

2246 2834 653 167 EXÉCUTOIRE.

1112 3101 2873 219 Vu la procédure instruite contre les soldats Boutolleau, François et Martin François

1034 3242 909 125 et les frais d'icelle dont le détail suit:

1290 3336 2220 156 1^o Coût du transport des pièces et objets pouvant servie à conviction ou à décharge................. ......

1279 3440 2236 125 2^o Honoraires des officiers de santé, médecins, chirurgiens civils, sages-femmes, experts, interprètes, traducteurs et

1373 3513 2137 105 autres, appelés en justice.................................................................

1290 3560 2225 125 3^o Indemnités accordées aux témoins civils et militaires..............................................

1284 3633 2220 110 4^o Frais de garde de scellés et ceux de mise en fourrière.............................................

1279 3696 2231 104 5^o Indemnités de route, de transport et de séjour, accordées aux membres des tribunaux militaires pour les dépla-

1373 3759 2137 109 cements auxquels l'instruction des procédures peut donner lieu, ainsi que toutes autres dépenses nécessitées

1378 3821 2126 110 de ce chef..............................................................................

1300 3873 2220 126 6^o Port des lettres et paquets pour l'instruction, sauf le port des lettres résultant de l'application de la loi du

1394 3952 2105 104 15 juin 1899............................................................................

1290 3993 2220 121 7^o Frais l'impression des arrêts, jugements et ordonnances de justice, quand il y a lieu..................

1290 4067 2220 114 8^o Prime de capture des contumax, des déserteurs et des insoumis......................................

1284 4124 2440 125 9^o Frais résultant de l'obtention des extraits du casier judiciaire......................................... 0,50

1269 4187 2241 109 10^o Prix du bulletin n^o 1 et du duplicata dudit (décret du 12 décembre 1899, art. 13).....................

1264 4254 2251 115 11^o Coût des bulletins n^o 1 et du duplicata de ces bulletins établis par les greffiers des conseils de guerre au sujet

1279 4364 2403 141 des condamnations prononcées par ces conseils (décret du 12 décembre 1899, art. 13).................... 24,00

1394 4317 2110 125 12^o Frais de procédure ou coût du jugement........................................................

1274 4442 2230 126 13^o Amende.........................................................................................

1264 4495 2240 130 14^o Décimes additionnels (en France)...............................................................

1274 4563 2236 130 15^o Frais fixes de procédure devant la Cour de cassation ou le Conseil de revision...........................

1269 4620 2235 157 16^o Frais fixes de procédure devant le Conseil de guerre jugeant en 2^e instance.............................

2063 4730 1656 193 TOTAL.................................................. 24^f 50

1112 4876 2951 177 Vu le dispositif du jugement définitif, l'article 139 du Code de justice militaire, le Président du Conseil de guerre

1055 4991 2930 141 permanent de l'Armée de Noailles, liquide les frais dont l'état est ci-dessus a la somme de Vingt quatre Francs

1076 5064 2998 135 cinquante centimes du montant de laquelle il délivre le présent exécutoire, pour le recouvrement de

1049 5126 2936 152 ladite somme être poursuivi sur les biens présents et à venir des condamnés, par les percepteurs des Contributions directes.

1096 5215 2973 131 En conséquence, LE PRÉSIDENT DE LA RÉPUBLIQUE MANDE ET ORDONNE à tous huissiers sur ce requis de mettre ledit jugement à

1044 5273 3019 156 exécution; aux Procureurs généraux et aux Procureurs de la République près les tribunaux de première instance d'y tenir la

1044 5361 2743 146 main; à tous commandants et officiers de la force publique de prêter main-forte lorsqu'ils en seront légalement requis.

1107 5434 2377 162 Fait en la Chambre du Conseil de guerre susdit, à Ponchon (oise), le six avril 1916

1091 5492 1055 94 Le présent jugement a commencé à

788 5534 1604 109 recevoir son exécution le six Avril mil neuf cent seize

809 5601 1484 115 pour compter du treize Mars mil neuf cent seize

1478 5654 449 78 le C^is Greffier

1922 5664 141 230 +

1096 5753 779 73 1 En France, en Algérie et en Tunisie.

1091 5789 627 136 (2 Aux colonies et aux armées.

2982 5633 308 104 Le Président,

3013.0 5648.0 491.0 361.0 +
