4670 6175
128 144 3115 185 3^o Ces outrages ont- ils été adressés audit sieur Hermant dans l'exercice

149 277 664 196 de ses fonctions?

154 432 3084 211 4^o: Le chasseur Layes (Prosper Zéphirin), du même bataillon, est il

154 607 3167 195 coupable d'avoir, dans les mêmes circonstances de temps et de lieu, chassé en

149 741 576 272 temps prohibé?

154 1358 2955 154 Les voix recueillies séparément, conformément à l'article 131 du Code de justice militaire, ou commençant par le grade inférieur

97 1456 1952 128 le Président ayant émis son opinion le dernier, le Conseil de guerre permanent déclare

236 1543 2029 165 Sur la 1^ere question, à l'unanimité, oui

257 1672 2008 195 Sur la 2^e question, à l'unanimité, oui

272 1816 2894 221 Sur la 3^e question, à la majorité de trois voix contre deux, non

267 2022 1972 201 Sur la 4^e Question, à l'unanimité, oui

144 2588 2976 190 Sur quoi, et attendu les conclusions prises par le Commissaire du Gouvernement dans ses réquisitions, le Président a lu le texte

102 2717 3013 154 de la loi, recueilli de nouveau les voix dans la forme prescrite par les articles 131 et 134 du Code de militaire pour l'appli-

92 2804 376 103 cation de la peine.

144 2861 2476 133 Le Conseil est rentré en séance publique, le Président a lu les motifs que précèdent et le dispositif ci-dessous.

133 2938 3327 149 En conséquence, le Conseil (1) condamne A, à l'unanimité, le chasseur Layes (Jacques)

82 3036 3161 169 à la peine de cinquante francs d'amende et à l'unaminité à la peine de

87 3185 3264 139 quinze jours de prison, par application des articles 12 de la loi du 3 mai 1844 sur

92 3293 3373 154 la chasse, 7 et 8 de la loi du 9 août 1849 sur l'état de siège, 471 du code pénal, 271, 267, 135

87 3396 3264 159 du code de justice militaire. Mais le Conseil usant de la faculté qui lui est concédée par l'article

77 3504 3398 154 195 du code de justice militaire, ordonne, à l'unanimité, que la peine de cinquante francs d'amende

77 3632 3233 134 sera remplacée par un emprisonnement de quinze jours. B. à l'unanimité, le chasseur

72 3735 3367 144 Layes (Prosper Zéphini), à la peine de cinquante francs d'amende, par application

72 3849 3351 118 de l'article 12 de la loi du 3 mai 1844 sur la chasse, 7 et 8 de la loi du 9 août 1849 sur l'état

82 3931 3244 165 de siège. Mais le Conseil, usant de la faculté qui lui est concédée par l'article 195 du code de

92 4060 3280 144 justice militaire, ordonne, à l'unanimité, que la peine de cinquante francs d'amende sera

72 4147 3398 180 remplacée par un emprisonnement de quinze jours - Le Conseil les condamne, en outre solidai-

82 4240 3213 159 rement au frais envers l'Etat et fixe, au minimum, pour chacun d'eux la durée de la

82 4348 3305 195 contrainte par corps, conformément aux articles 139 du code de justice militaire, 55 du cide pénal

72 4476 1189 175 et 9 de la loi du 22 juillet 1867.

262 4595 1668 170 Le texte de la loi appliquée est ainsi conçu:

164 4646 3213 221 Art.12. Loi du 3 mai 1844 - Seront punis d'une amende de 50 à 200 francs .... 1^o: ceux qui

108 4811 1086 165 auront chassé en temps prohibé...

195 4903 3290 150 At. 271. C.J. M. "sont laissées à la répression de l'autorité militaire, et punies d'un emprisonnement

113 4991 3357 144 dont la durée ne peut excéder deux mois: 1^o: les contraventions de police commises par les militaires.

195 5078 3059 201 At. 195 C.J. M. "Lorsque les lois pénales prononcent la peine de l'amende, les tribunaux

139 5171 3151 170 militaires peuvent remplacer cette peine par un emprisonnement de six jours à six mois»

200 5269 3157 216 At. 139. CJM. Le jugement qui prononce une peine contre l'accusé, le condamne aux frais

154 5392 463 134 envers l'Etat.»

221 5423 3094 170 At. 9. Loi du 22 juillet 1867. "La durée de la contrainte par corps est réglée ainsi qu'il suit:

175 5542 3146 139 de deux jours à vingt jours lorsque l'amende et les autres condamnations n'excédent pas 50 francs...

154 5614 2950 159 (1) Avoir soin de spécifier, s'il y a lieu, après t'indication de la peine infligée, la décision motivée du Conseil relative à ma non-imputation pour tout ou

108 5660 1292 201 partie de la détention préventive sur la durée de la peine prononcée.
