4225 6265
1201 292 2961 146 La séance ayant été ouverte, le Président a fait apporter et déposer devant lui, sur le bureau, un exemplaire du Code de justice

1138 386 2961 115 militaire, du Code d'instruction criminelle et du code pénal ordinaire, et ordonné à la garde d'amener l'accusé, qui a

1138 469 2945 126 été introduit, libre et sans fers, devant le Conseil, accompagné de son défenseur d'office, le secrétaire

1138 548 1640 162 Mathiex, de l'Etat Major de la D.E.S.

1195 892 2904 162 Interrogé de ses nom, prénoms, âge, lieu de naissance, état, profession et domicile, l'accusé

1232 1023 2977 141 a répondu se nommer Valade (Louis), 21 ans, né à Madrid (Espagne), célibataire

1195 1106 2774 162 cuisinier patissier, domicilié avant d'entrer au service à Madrid et

1175 1226 2976 199 actuellement soldat au 7^e régiment d'infanterie (5^e groupe des bataillons

1180 1346 553 194 d'instruction)

1195 1869 2935 177 Le Président, après avoir fait lire par le greffier l'ordre de convocation, le rapport prescrit par l'article 108 du Code de justice

1122 1989 2894 114 militaire, et les pièces dont la lecture lui a paru nécessaire, a fait connaître a l'accusé les faits à raison desquels il est

1128 2072 2590 115 poursuivi, et lui a donné, ainsi qu'au défenseur, l'avertissement indiqué en l'article 121 dudit Code;

1195 2150 1259 110 Après quoi, il a procédé à l'interrogatoire de l'accusé

2517 2145 1608 126 et a fait entendre publiquement et séparément les témoins à charge (1)

1681 2224 2449 141 ; lesdits témoins ayant au préalable prêté serment de parler sans haine et sans crainte, juré de dire toute la

1138 2291 606 136 vérité et rien que la vérité;

1190 2506 2930 198 Et le Président ayant, en outre, rempli à leur égard les formalités proscrites par les articles 317 et 319 du Code d'instruction

1128 2615 255 131 criminelle;

1185 2699 68 125 (2)

1175 3200 2966 198 Ouï M. le Commissaire du Gouvernement en ses réquisitions tendant à ce que (s) ledit Valade soit déclaré

1143 3356 2920 147 coupable des faits relevés contre lui en l'ordre de mise en jugement et

1143 3440 3061 204 à ce qu'il lui soit fait application de l'article 248 du code de justice militaire

1112 3769 2998 157 et l'accusé dans ses moyens de défense, tant par lui que par son défenseur, lesquels ou

1112 3884 2998 130 déclaré n'avoir rien à ajouter à leurs moyens de défense, et ont eu la parole les derniers, le Président a déclaré les débats terminés,

1112 3962 1494 105 et il a ordonné au défenseur et a l'accusé de se retirer.

1164 4176 1426 157 L'accusé a été reconduit par l'escorte à la prison;

2616 4192 1494 141 le Commissaire du Gouvernement, le Greffier et les assistants dans

1112 4265 1311 136 l'auditoire se sont retirés sur l'invitation du Président (1);

2449 4296 1687 120 le tribunal s'est retiré dans la chambre des délibérations

1169 4354 2941 141 Le Conseil délibérant à huis clos, le Président a posé les questions, conformément à l'article 132 du Code de justice

1107 4432 605 146 militaire, ainsi qu'il suit:

1598 4500 2454 188 1^o Le soldat Valade (Louis), du 7^e régiment d'infanterie

1164 4620 3019 188 (5^e groupe des bataillons d'instruction), est-il coupable d'avoir, dans le courant

1201 4740 2997 204 de février 1916, à Septfonds (Tarn et Garonne), soustrait frauduleusement

1195 4871 3003 203 environ quatre ou cinq formes à chapeaux, au préjudice de M^me Herment

1206 4996 1253 193 manufacturière audit bien?

1169 5147 590 131 (1) Et à décharge (s'il y en a).

1159 5231 2945 151 (2) Indiquer si des témoins ont été entendus sans prestation de serment, et pour quel motif ; dire que les pièces de conviction, s'il y en a, ont été représentées.

1112 5283 2998 157 Indiquer, en outre, ses incidents qui ont pu ce produire, en ayant soin de préciser à quel moment du débat ils ont en lieu, ses conclusions des parties, les

1112 5372 2982 135 réquisitions du ministère public, les moyens de défense présentés par l'accusé, et enfin le jugement motivé du Conseil. Dans le cas où le blanc laisse ici ne suf-

1117 5424 2987 141 firait pas pour insérer toutes ces mentions, on devra indiquer l'incident et le moment du débat il s'est produit, en ajoutant qu'il y a été statué par jugement

1107 5471 2997 167 séparé, lequel est joint et annexé au présent, et alors le jugement séparé doit indiquer la publicité de l'audience, se terminer par la même formule et être signé

1107 5554 2997 168 de la même manière que le jugement principal, en mentionnant qu'il y sera annexé comme en taisant partie. En cas de suspension d'audience et de remise au

1107 5617 1927 136 lendemain, la mention qui constate cette remise est signée par le Président et le Greffier seulement.

1148 5680 2643 156 (3) Indiquer si les réquisitions tendent à la déclaration de culpabilité et, dans ce cas, les articles de loi dont l'application est demandée.

1143 5742 2256 167 (4) S'il y a une chambre des délibérations, on mettra que le Tribunal s'est retiré dans la chambre des délibérations.

1352 5868 1483 130 Conseil de guerre. - N^o 967 de la Nomenclature générale. - Formule n^o 16.
