4209 6265
1169 318 2946 151 La séance ayant été ouverte, le Président a fait apporter et déposer devant lui, sur le bureau, un exemplaire du Code du justice

1096 428 2966 120 militaire, du Code d'instruction criminelle et du Code pénal ordinaire, et ordonné à la garde d'amener l'accusé, qui a

1096 506 2998 141 été introduit, libre et sans fers, devant le Conseil, accompagné de son défenseur choisi, M^e Clolzy, avoué

1091 589 559 188 à Saint. Pol

1174 913 2883 199 Interrogé de ses nom, prénoms, âge, lieu de naissance, état profession et domicile l'accusé

1211 1038 2846 178 a répondu se nommer Guilbert (Eugène César), 40 ans, né à Lille (Nord), marié

1138 1164 2971 177 employé de mairie, domicilié avant d'entrer au service à Lille et actuellement

1148 1284 2669 230 officier d'administration de 2^e classe, gestionnaire de l'ambulance 11/1

1174 1957 2935 131 Le Président, après avoir fait lire par le greffier de convocation, le rapport prescrit par l'article 108 du Code de justice

1127 2036 2888 125 militaire, et les pièces dont la lecture lui a paru nécessaire, a fait connaître a l'accusé les faits à raison desquels il est

1122 2109 2601 125 poursuivi, et lui a donné, ainsi qu'au défenseur, l'avertissement indiqué en l'article 121 dudit Code;

1180 2187 1258 131 Après quoi, il a procédé à l'interrogatoire de l'accusé

2522 2171 1577 136 et a fait entendre publiquement et séparément les témoins à charge (1)

1681 2265 2423 110 lesdits témoins ayant au préalable prêté serment de parler sans haine et sans crainte, jure de dire toute la

1127 2344 617 125 vérité et rien que la vérité;

1180 2589 2929 141 Et le Président ayant, en outre, rempli à leur égard les formalités proscrites par las articles 317 et 319 du Code d'instruction

1127 2683 251 120 criminelles;

1190 2709 2945 183 (2) Le Président, en vertu de son pouvoir discrétionnaire, et sur la demande de

1221 2845 2899 141 la défense, a fait entendre aux débats, à titre de simple renseignement et sans

1216 2913 2961 193 prestation de serment, l'officier d'adm^on de 1^ere classe Broyant, gestionnaire de l'hôpital

1216 3033 2940 177 militaire de S^t Omer et l'officier d'adm^on de 2^e Classe Silvagnoli, gestionnaire de

1206 3153 914 167 l'Hôpital des Tabers à S^t Pol,

1185 3273 2809 162 Ouï M. le Commissaire du Gouvernement en ses réquisitions tendant à ce que (3) ledit Guilbert soit

1138 3383 3024 182 déclaré coupable des faits relevés contre lui en l'ordre de mise en jugement

1148 3513 2993 214 et à ce qu'il lui soit fait application de l'article 248 du cote de justice

1154 3670 355 135 militaire

1117 3821 2992 141 et l'accusé dans ses moyens de défense, tant par lui que par son défenseur, lesquels ont

1138 3936 2971 136 déclaré n'avoir rien à ajouter à leurs moyens de défense, et ont eu la parole les derniers, le Président a déclaré les débats terminés,

1133 4004 339 130 et il a ordonné

1498 4009 465 131 au défenseur et

1989 4004 622 136 à l'accusé de se retirer.

1190 4244 1421 136 L'accusé a été reconduit par l'escorte à la prison;

2637.0 4244.0 1488.0 136.0 le Commissaire du Gouvernement, le Greffier et les assistants dans

1127 4317 1343 125 l'auditoire de sont retirés sur l'invitation du Président (4);

2522 4328 1598 125 le Tribunal s'est retiré dans la chambre des délibérations

1185 4406 2924 125 Le Conseil délibérant à huis clos, le Président a posé la question, conformément à l'article 132 du Code de justice

1138 4484 600 105 militaire, ainsi qu'il suit:

1420 4557 2742 193 L'officier d'administration de 2ᵉ classe Guilbert (Eugène César)

1174 4709 2993 188 gestionnaire de l'ambulance 11/4 est-il coupable d'avoir fin décembre

1174 4844 2988 183 1915 ou dans les premiers jours du mois de janvier 1916, à Estrée-Cauchy

1190 4965 2945 187 (Pas.de.Calais), volé six mètres de toile de bâche appartenant à l'Etat

1201 5273 584 57 (1) Et à décharge (s'il y en a).

1195 5273 2909 141 (2) Indiquer si des témoins ont été entendus sans prestation de serment, et pour quel motif; dire que les pièces de conviction, s'il y en a, ont été représentées.

1143 5351 2972 130 Indiquer, en outre, ses incidents qui ont pu ce produire, en ayant soin de préciser à quel moment du débat ils ont en lieu, ses conclusions des parties, les

1138 5419 2966 146 réquisitions du ministère public, les moyens de défense présentés par l'accusé, et enfin le jugement motivé du Conseil. Dans le cas où le blanc laisse ici ne suf-

1133 5476 2976 125 firait pas pour insérer toutes ces mentions, on devra indiquer l'incident et le moment du débat il s'est produit, en ajoutant qu'il y a été statué par jugement

1133 5539 2982 146 séparé, lequel est joint et annexé au présent, et alors le jugement séparé doit indiquer la publicité de l'audience, se terminer par la même formule et être signé

1143 5607 2972 151 de la même manière que le jugement principal, en mentionnant qu'il y sera annexé comme en taisant partie. En cas de suspension d'audience et de remise au

1138 5664 1922 136 lendemain, la mention qui constate cette remise est signée par le Président et le Greffier seulement.

1190 5727 2616 135 (3) Indiquer si les réquisitions tendent à la déclaration de culpabilité et, dans ce cas, les articles de loi dont l'application est demandée.

1190 5795 2220 151 (4) S'il y a une chambre des délibérations, on mettra que le Tribunal s'est retiré dans la chambre des délibérations.

1378 5925 1488 303 Conseil de guerre. - N^o 967 de la Nomenclature générale. - Formule n^o 16.
