4209 6265
1159 292 2940 146 La séance ayant été ouverte, le Président a fait apporter et déposer devant lui, sur le bureau, un exemplaire du Code du justice

1107 402 2997 114 militaire, du Code d'instruction criminelle et du Code pénal ordinaire, et ordonné à la garde d'amener les accusés, qui ont

1101 475 2946 141 été introduit, libre et sans fers, devant le Conseil, accompagné de leur défenseur d'office, le conducteur

1112 553 1243 177 Sacaze, de la section T.M. 284

1164 892 2951 178 Interrogé de leurs nom, prénoms, âge, lieu de naissance, état profession et domicile, les accusés

1148 1028 2946 141 ont répondu se nommer 1^o: Layes (Jacques), 29 ans, né à S^t Julien Chapteuil, arr^t

1148 1112 2899 167 du Puy (H^te Loire), célibataire, cultivateur, domicilié avant d'entre au service à

1143 1226 2935 162 S^t Julien Chapteuil et actuellement chasseur au 21^e: bataillon de chasseurs à pied

1342 1336 2757 172 2^o: Layes (Prosper Zéphirin), 29 ans, né à S^t Julien Chapteuil, arr^t du Puy,

1127 1446 3029 177 (H^te Loire), célibataire, cultivateur, domicilié avant d'entrer au service à S^t Julien Chapteuil

1138 1571 2480 188 et actuellement chasseur au 21^e: bataillon de chasseurs à pied.

1054 1994 2951 136 militaire, et les pièces dont la lecture lui a paru nécessaire, a fait connaître aux accusés les faits à raison desquels ils sont

1164 1889 2940 162 Le Président, après avoir fait lire par le greffier de convocation, le rapport prescrit par l'article 108 du Code de justice

1107 2083 2579 109 poursuivis, et leur a donné, ainsi qu'au défenseur, l'avertissement indiqué en l'article 121 dudit Code ;

1164 2156 1279 115 Après quoi, il a procédé à l'interrogatoire des accusés

2485 2145 1614 131 et a fait entendre publiquement et séparément les témoins à charge (1)

1655 2229 2444 146 ; lesdits témoins ayant au préalable prêté serment de parler sans haine et sans crainte, jure de dire toute la

1122 2291 590 126 vérité et rien que la vérité;

1169 2526 2919 194 Et le Président ayant, en outre, rempli à leur égard les formalités proscrites par las articles 317 et 319 du Code d'instruction

1112 2620 256 141 criminelle;

1164 2709 78 167 (2)

1159 3226 2940 177 Oui M. le Commissaire du Gouvernement en ses réquisitions tendant a ce que (3) les dits Layes (Jacques) et

1070 3351 3065 173 Layes (Prosper Zéphirin) soient déclarés coupables des faits relevés contre eux en

1117 3466 3050 167 l'ordre de mise en jugement et à ce qu'il soit fait application à Layes (Jacques) des articles

1138 3571 2987 156 12 de la loi du 3 mai 1844, 7 et 8 de celle du 9 août 1849; à Layes 224 du code pénal; à Layes

1143 3654 2669 178 (Prosper Zéphirin), de l'art. 12 de la loi du 3 mai 1844, 7 et 8 de celle du 9 août 1849

1086 3790 3013 146 et les accusé dans leurs moyens de défense, tant par eux que par leur défenseur, lesquels ont

1101 3894 2998 141 déclaré n'avoir rien à ajouter à leurs moyens de défense, et ont eu la parole les derniers, le Président à déclaré les débats terminés,

1107 3962 1483 136 et il a ordonné au défenseur et aux accusés de se retirer.

1154 4176 1441 162 Les accusés ont été reconduits, par l'escorte à la prison;

2605 4192 1478 162 le Commissaire du Gouvernement, le Greffier et les assistants dans

1112 4270 1295 141 l'auditoire se sont retirés sur l'invitation du Président (4);

2433 4312 1603 110 le tribunal s'est retiré dans la chambre des délibérations

1169 4364 2919 141 Le Conseil délibérant à huis clos, le Président a posé les questions, conformément à l'article 132 du Code de justice

1101 4427 606 120 militaire, ainsi qu'il suit:

1378 4510 2700 204 1^o: Le chasseur Layes (Jacques), de la 25^e: C^e du 21^e: bataillon de

1143 4641 2987 214 chasseurs à pied, est-il coupable d'avoir, le 6 février 1916, aux environs de bois de

1080 4756 1536 182 Marconnelle, chassé en temps prohibé?

1394 4850 2736 198 2^o: Est- il coupable d'avoir, dans les mêmes circonstances de temps et de bien

1180 4965 2976 240 outragé par gestes et menaces, le sieur Hermant (François), garde particulier +

1169 5163 585 125 (1) Et à décharge (s'il y en a).

1164 5210 2919 177 (2) Indiquer si des témoins ont été entendus sans prestation de serment, et pour quel motif ; dire que les pièces de conviction, s'il y en a, ont été représentées.

1112 5288 2971 167 Indiquer, en outre, ses incidents qui ont pu ce produire, en ayant soin de préciser à quel moment du débat ils ont en lieu, ses conclusions des parties, les

1117 5372 2966 141 réquisitions du ministère public, les moyens de défense présentés par l'accusé, et enfin le jugement motivé du Conseil. Dans le cas où le blanc laisse ici ne suf-

1101 5419 2982 162 firait pas pour insérer toutes ces mentions, on devra indiquer l'incident et le moment du débat il s'est produit, en ajoutant qu'il y a été statué par jugement

1107 5492 2971 151 séparé, lequel est joint et annexé au présent, et alors le jugement séparé doit indiquer la publicité de l'audience, se terminer par la même formule et être signé

1101 5554 2982 178 de la même manière que le jugement principal, en mentionnant qu'il y sera annexé comme en taisant partie. En cas de suspension d'audience et de remise au

1096 5612 1922 151 lendemain, la mention qui constate cette remise est signée par le Président et le Greffier seulement.

1154 5680 2605 146 (3) Indiquer si les réquisitions tendent à la déclaration de culpabilité et, dans ce cas, les articles de loi dont l'application est demandée.

1154 5748 2219 156 (4) S'il y a une chambre des délibérations, on mettra que le Tribunal s'est retiré dans la chambre des délibérations.

1336 5878 1483 125 Conseil de guerre. - N^o 967 de la Nomenclature générale. - Formule n^o 16.
