4177 6265
1122 313 2950 120 La séance ayant été ouverte, le Président a fait apporter et déposer devant lui, sur le bureau, un exemplaire du Code du justice

1080 386 2846 130 militaire, du Cade d'instruction criminelle et du Code pénal ordinaire, et ordonné à la garde d'amener l'accusé, qui

1070 448 3007 136 été introduit, libre et sans fers, devant le Conseil, accompagné de son défenseur le soldat-infirmier Sovary,

1070 522 3002 146 choisi par l'accusé, et assisté du sieur Henri Dedocker, âgé de trente sept ans, agent de change

1070 600 3002 157 à Bruxelles, domicilié actuellement à Saint-Pol, choisi comme interprète de la langue Belge, qui

1075 683 3013 152 a prêté le serment prescrit par l'article 332 du Code d'Instruction Criminelle, et qui a donné son concours

1065 783 955 167 chaque fois qu'il en a été requis.

1138 897 2939 173 Interrogé de ses nom, prénoms, âge, lieu de naissance, état profession et domicile l'accusé

1315 1018 2752 130 répondu se nommer Michels, Pierre Rémi, âgé de trente un ans, né à Machelen, Belgique

1122 1080 2945 199 (Flandre Occidentale), marié, deux enfants, domicilié à Saint-Georges (Pas-de-Calais), profession

1096 1190 454 125 de cultivateur

1138 1884 2934 157 Le Président, après avoir fait lire par le greffier de convocation, le rapport prescrit par l'article 108 du Code de justice

1075 1999 2940 120 militaire, et les pièces dont la lecture lui a paru nécessaire, a fait connaître a l'accusé les faits à raison desquels il est

1075 2072 2600 120 poursuivi, et lui a donné, ainsi qu'au défenseur, l'avertissement indiqué en l'article 121 dudit Code;

1133 2145 1237 126 Après quoi, il a procédé à l'interrogatoire de l'accusé

2469 2140 1593 120 et a fait entendre publiquement et séparément les témoins à charge (1)

1629 2218 2443 126 ; lesdits témoins ayant au préalable prêté serment de parler sans haine et sans crainte, jure de dire toute

1086 2297 579 146 vérité et rien que la vérité

1152.0 2554.0 2871.0 129.0 Et le Président ayant, en outre, rempli à leur égard les formalités proscrites par las articles 317 et 319 du Code d'instruction

1080 2636 256 131 criminelles;

1127 2709 73 146 (2)

1127 3210 2961 173 Oui M. le Commissaire du Gouvernement en ses réquisitions tendant à ce que (3) ledit Michels soit déclaré

1122 3341 2929 162 coupable des faits relevés contre lui en l'ordre de mise en jugement et à

1117 3440 2819 214 ce qu'il lui soit fait application des articles 379 et 401 du code pénal

1075 3811 3002 104 et l'accusé dans ses moyens de défense, tant par lui que par son défenseur, lesquels ont

1086 3879 3002 120 déclaré n'avoir rien à ajouter à leurs moyens de défense, et ont eu la parole les derniers, le Président a déclaré les débats terminés,

1086 3957 1488 130 et il a ordonné au défenseur et à l'accusé de se retirer.

1143 4181 1425 147 L'accusé a été reconduit par l'escorte à la prison;

2574 4192 1498 141 le Commissaire du Gouvernement, le Greffier et les assistants dans

1080 4275 1290 131 l'auditoire de sont retirés sur l'invitation du Président (4)

2406 4296 1630 110 Le Tribunal s'est retiré dans la chambre des délibérations

1148 4359 2929 125 Le Conseil délibérant à huis clos, le Président a posé les questions, conformément à l'article 132 du Code de justice

1080 4432 2976 120 militaire, ainsi qu'il suit: 1^e Question: Le nommé Michels, Pierre Rémi, cultivateur à Saint-Georges

1080 4510 2987 126 (Pais-de-Calais) sujet belge, est-il coupable d'avoir, dans le courant de l'année mil neuf cent quinze

1070 4604 2986 120 et de l'année mil neuf cent seize, dans tous les cas, depuis une époque non prescrite, à Sant-Georges,

1075 4683 2981 130 soustrait frauduleusement un sabre de cavalerie, une couverture de cheval, deux manteaux de

1075 4777 2981 146 cavalerie, une pélerine de manteau, une tunique, une culotte, une paire de jambières, deux caloçons,

1086 4855 3017 136 quatre chemises, une ceinture de flanelle, trois pantalons, une toile bleue, un étui de lanterne, trois

1096 4923 1556 130 brosses, un mors de bride, effets appartenant à l'Etat?

1101 5043 2982 167 lieu, soustrait frauduleusement une brosse en chiendent, une corde à fourrage, deux contre sanglans,

1075 5121 3018 162 un licol de pourade, deux dessus de cou de corps de bricole, trois brosses à cheval, une étrille, une courroie

1681 5001 2391 120 2^e Question: Est-il coupable d'avoir dans les mêmes circonstances de temps et de

1138 5173 585 110 (1) Et à décharge (s'il y en a).

1133 5236 2934 136 (2) Indiquer si des témoins ont été entendus sans prestation de serment, et pour quel motif; dire que les pièces de conviction, s'il y en a, ont été représentées.

1091 5283 2981 151 Indiquer, en outre, ses incidents qui ont pu ce produire, en ayant soin de préciser à quel moment du débat ils ont en lieu, ses conclusions des parties, les

1086 5361 2976 136 réquisitions du ministère public, les moyens de défense présentés par l'accusé, et enfin le jugement motivé du Conseil. Dans le cas où le blanc laisse ici ne suf-

1091 5424 2976 136 firait pas pour insérer toutes ces mentions, on devra indiquer l'incident et le moment du débat il s'est produit, en ajoutant qu'il y a été statué par jugement

1091 5487 2981 135 séparé, lequel est joint et annexé au présent, et alors le jugement séparé doit indiquer la publicité de l'audience, se terminer par la même formule et être signé

1091 5549 2981 162 de la même manière que le jugement principal, en mentionnant qu'il y sera annexé comme en taisant partie. En cas de suspension d'audience et de remise au

1086.0 5601.0 1895.0 147.0 lendemain, la mention qui constate cette remise est signée par le Président et le Greffier seulement.

1127 5669 2627 157 (3) Indiquer si les réquisitions tendent à la déclaration de culpabilité et, dans ce cas, les articles de loi dont l'application est demandée.

1112 5706 2255 203 (4) S'il y a une chambre des délibérations, on mettra que le Tribunal s'est retiré dans la chambre des délibérations.

1341.0 5862.0 1473.0 131.0 Conseil de guerre. - N^o 967 de la Nomenclature générale. - Formule n^o 16.
