4192 6265
1176 323 2948 167 La séance ayant été ouverte, le Président a fait apporter et déposer devant lui, sur le bureau, un exemplaire du Code du justice

1113 433 2943 141 militaire, du Code d'instruction criminelle et du code pénal ordinaire, et ordonné à la garde d'amener l'accusé, qui a

1108 506 2984 162 été introduit, libre et sans fers, devant le Conseil, accompagné de son défenseur le secrétaire d'Etat Major

1118 595 1443 177 Paul Mathiex, désigné d'office

1155 960 2587 167 Interrogé de ses nom, prénoms, âge, lieu de naissance, état profession et domicile

1353 1065 2797 135 répondu se nommer Pignolet Eugène Prospère âgé de quarante cinq ans né

1176 1138 2853 156 à Mussy la Fosse arrondissement de Semur (Côte d'or) profession de

1165 1232 2875 177 cultivateur, résidant à Mussy la Fosse, célibataire, actuellement

1170 1320 2196 204 soldat au 58^e Régiment d'Infanterie Territoriale

1165 1926 2959 162 Le Président, après avoir fait lire par le greffier l'ordre de convocation, le rapport prescrit par l'article 108 du Code de justice

1097 2051 2739 110 militaire, et les pièces dont la lecture lui a paru nécessaire, a fait connaître a l'accusé les faits à raison desquels il

1102 2119 2603 131 poursuivi, et lui a donné, ainsi qu'au défenseur, l'avertissement indiqué en l'article 121 dudit Code;

1165 2203 1270 120 Après quoi, il a procédé à l'interrogatoire de l'accusé

2477 2192 1631 115 et a fait entendre publiquement et séparément les témoins à charge (1)

1646 2276 2467 115 ; lesdits témoins ayant au préalable prêté serment de parler sans haine et sans crainte, juré de dire toute la

1102 2354 628 141 vérité et rien que la vérité;

1165 2584 2943 172 Et le Président ayant, en outre, rempli à leur égard les formalités prescrites par les articles 317 et 319 du Code d'instruction

1097 2688 256 120 criminelle;

1155 2767 78 167 (2)

1155 3252 2922 162 Ouï M. le Commissaire du Gouvernement en ses réquisitions tendant à ce que (3) le susnommé soit déclaré

1186 3388 2901 120 coupable des faits relevés contre lui en l'ordre de mise en jugement

1139 3430 2964 182 et qu'il lui soit fait application des articles 271 du code de Justice Militaire

1144 3544 1479 173 et 1^er de la Loi du 23 janvier 1873

1097 3832 3016 135 et l'accusé dans ses moyens de défense, tant par lui que par son défenseur, lesquels ont

1102 3941 3011 141 déclaré n'avoir rien à ajouter à leurs moyens de défense, et ont eu la parole les derniers, le Président a déclaré les débats terminés,

1102 4020 340 109 et il a ordonné

1463 4014 481 141 au défenseur et

1960 4009 637 141 a l'accusé de se retirer.

1155 4239 1442 151 L'accusé été reconduit par l'escorte à la prison;

2623 4223 1427 172 le Commissaire du Gouvernement, le Greffier et les assistants

1108 4333 1306 125 l'auditoire se sont retirés sur l'invitation du Président (4);

1170 4411 2954 110 Le Conseil délibérant à huis clos, le Président a posé la question, conformément à l'article 132 du Code de justice

1108 4489 616 131 militaire, ainsi qu'il suit:

1892 4495 2137 151 Le soldat Pignolet (Eugène Prosper) du 58^e:

1149 4589 2975 151 Régiment d'Infanterie Territoriale en subsistance au 61^e Régiment d'Inf^ie

1134 4693 2990 125 territoriale est-il coupable d'avoir, le 7 mars 1916, a Creil (oise) été trouvé

1129 4782 3031 183 en état d'ivresse manifeste et publique dans une rue de cette localité

1170 5267 581 79 (1) Et à décharge (s'il y en a).

1165 5267 2938 147 (2) Indiquer si des témoins ont été entendus sans prestation de serment, et pour quel motif ; dire que les pièces de conviction, s'il y en a, ont été représentées.

1118 5356 3000 120 Indiquer, en outre, ses incidents qui ont pu ce produire, en ayant soin de préciser à quel moment du débat ils ont en lieu, ses conclusions des parties, les

1118 5429 2995 105 réquisitions du ministère public, les moyens de défense présentés par l'accusé, et enfin le jugement motivé du Conseil. Dans le cas où le blanc laisse ici ne suf-

1118 5487 3000 109 firait pas pour insérer toutes ces mentions, on devra indiquer l'incident et le moment du débat il s'est produit, en ajoutant qu'il y a été statué par jugement

1108 5549 3005 115 séparé, lequel est joint et annexé au présent, et alors le jugement séparé doit indiquer la publicité de l'audience, se terminer par la même formule et être signé

1108 5617 3005 110 de la même manière que le jugement principal, en mentionnant qu'il y sera annexé comme en taisant partie. En cas de suspension d'audience et de remise au

1108 5680 1949 109 lendemain, la mention qui constate cette remise est signée par le Président et le Greffier seulement.

1160 5742 2645 126 (3) Indiquer si les réquisitions tendent à la déclaration de culpabilité et, dans ce cas, les articles de loi dont l'application est demandée.

1170 5816 2243 114 (4) S'il y a une chambre des délibérations, on mettra que le Tribunal s'est retiré dans la chambre des délibérations.

1364 5899 1495 141 Conseil de guerre. - N^o 967 de la Nomenclature générale. - Formule n^o 16.
