4177 6265
1159 276 2918 146 La séance ayant été ouverte, le Président a fait apporter et déposer devant lui, sur le bureau, un exemplaire du Code du Justice

1086 370 2960 120 militaire, du Code d'instruction criminelle et du code pénal ordinaire, et ordonné à la garde d'amener l'accusé, qui a

1086 422 3038 162 été introduit, libre et sans fers, devant le Conseil, accompagné de son défenseur le conducteur automobiliste

1133 511 1973 188 Sacaze de la Section T. M. 284 choisi par l'accusé

1159 850 2563 204 Interrogé de ses nom, prénoms, âge, lieu de naissance, état profession et domicile l'accusé

1341 976 2757 156 répondu se nommer Colin Jean Baptiste âgé de vingt huit ans, célibataire

1174 1054 2992 141 profession de garçon de café domicilié à Paris 106 Rue Lemercier actuellement

1159 1122 2981 172 soldat au 20^e escadron du Train, des Equipages Militaires affecté aux Convois

1174 1195 1572 193 automobiles de la Section postale n^o 10

1159 1858 2929 167 Le Président, après avoir fait lire par le greffier de convocation, le rapport prescrit par l'article 108 du Code de justice

1086 1978 3059 125 militaire, et les pièces dont la lecture lui a paru nécessaire, a fait connaître a l'accusé les faits à raison desquels il est poursuivi

1096 2062 2584 120 poursuivi, et lui a donné, ainsi qu'au défenseur, l'avertissement indiqué en l'article 121 dudit Code;

1164 2124 2924 131 Après quoi, il a procédé à l'interrogatoire de l'accusé et a fait entendre publiquement et séparément les témoins à charge (1)

1644 2213 2454 115 ; lesdits témoins ayant au préalable prêté serment de parler sans haine et sans crainte, jure de dire toute

1070 2271 642 135 vérité et rien que la vérité;

1164 2526 2929 157 Et le Président ayant, en outre, rempli à leur égard les formalités proscrites par las articles 317 et 319 du Code d'instruction

1106 2626 246 125 criminelle;

1143 2699 99 130 (2)

1164 3195 2924 156 Oui M. le Commissaire du Gouvernement en ses réquisitions tendant à ce que (3) le susnommé soit

1180 3299 2835 141 coupable d'outrages par paroles à un agent dépositaire de la

1169 3362 2825 151 force publique dans l'exercice de ses fonctions et qu'il lui soit fait

1159 3419 2897 199 application des articles 267 du Code de Justice Militaire et 224 du Code

1169 3544 298 147 Pénal

1101 3759 2987 146 et l'accusé dans ses moyens de défense, tant par lui que par son défenseur, lesquels ont

1117 3863 2960 136 déclaré n'avoir rien à ajouter à leurs moyens de défense, et ont eu la parole les derniers, le Président a déclaré les débats terminés,

1112 3946 830 131 et il a ordonné au défenseur et

1968 3936 637 125 a l'accusé de se retirer.

1174 4176 1410 141 L'accusé a été reconduit par l'escorte à la prison;

2610 4176 1499 146 le Commissaire du Gouvernement, le Greffier et les assistants dans

1117 4265 1289 125 l'auditoire de sont retirés sur l'invitation du Président (4)

1174 4343 2919 115 Le Conseil délibérant à huis clos, le Président a posé la question, conformément à l'article 132 du Code de justice

1122 4401 2981 151 militaire, ainsi qu'il suit: 1^e Question: Le conducteur Colin, Jean Baptiste, du 20^e Escadron du Train

1138 4500 2976 151 des Equipages Militaires (service auxiliaire), affecté aux convois automobiles, section postale N^o 10,

1133 4604 2986 110 est-il coupable d'avoir, le trente janvier mil neuf cent seize, à Divion (Pas-de-Calais) outragé

1143 4683 2945 120 par paroles le gendarme Laurent Charles, de la Prévôté du Q. G. du 9^e C. A, agent dépositaire

1143 4766 2966 125 de la force publique, dans l'exercice de ses fonctions (examens des permis de circulation), en lui

1122 4844 2992 168 adressant les propos suivants: « les gendarmes sont de fameux citoyens, voila à quoi ils sont tous

1122 4949 2391 162 à embêter tout le monde, avec ces oiseaux là, ce n'est pas facile de voyager »?

1174 5215 2903 131 (2) Indiquer si des témoins ont été entendus sans prestation de serment, et pour quel motif ; dire que les pièces de conviction, s'il y en a, ont été représentées.

1122 5278 2971 125 Indiquer, en outre, ses incidents qui ont pu ce produire, en ayant soin de préciser à quel moment du débat ils ont en lieu, ses conclusions des parties, les

1122 5346 2971 120 réquisitions du ministère public, les moyens de défense présentés par l'accusé, et enfin le jugement motivé du Conseil. Dans le cas où le blanc laisse ici ne suf-

1117 5408 2986 120 firait pas pour insérer toutes ces mentions, on devra indiquer l'incident et le moment du débat il s'est produit, en ajoutant qu'il y a été statué par jugement

1112 5476 2991 115 séparé, lequel est joint et annexé au présent, et alors le jugement séparé doit indiquer la publicité de l'audience, se terminer par la même formule et être signé

1117 5539 2992 146 de la même manière que le jugement principal, en mentionnant qu'il y sera annexé comme en taisant partie. En cas de suspension d'audience et de remise au

1117 5596 1900 131 lendemain, la mention qui constate cette remise est signée par le Président et le Greffier seulement.

1180 5664 2610 136 (3) Indiquer si les réquisitions tendent à la déclaration de culpabilité et, dans ce cas, les articles de loi dont l'application est demandée.

1180 5732 2219 136 (4) S'il y a une chambre des délibérations, on mettra que le Tribunal s'est retiré dans la chambre des délibérations.

1180 5064 600 198 (1) Et à décharge (s'il y en a).

1373 5795 1456 151 Conseil de guerre. - N^o 967 de la Nomenclature générale. - Formule n^o 16.
