2718 4824
997 64 655 193 Conclusions

506 269 2047 205 Pour Guerin soldat au 19^e Regiment territorial

506 418 816 160 prévenu de desertion

1519 663 792 169 Plaise au Conseil:

1395 860 1073 173 attendu que Guerin est

490 968 2187 173 prévenu de s'etre absenté, sans aucune autorisation

486 1121 2151 169 de son corps, à Compiegne du 17 mars au 6 avril.

502 1242 1186 177 1916, jour de son arrestation

1302 1370 1275 153 attendu que dans l'espace de

486 1495 2187 153 moins de 12 mois, de pareils faits se sont renouvelés

490 1612 1974 176 deja deux fois et ont été suivis de sanctions pénales.

1278 1752 1311 153 Attendu que tenant les faits et

506 1869 2151 153 circonstances dans lesquelles cette desertion s'est encore

474 1985 2187 185 effectuée, une pareille attitude denote chez le prevenu

474 2122 2163 149 une débilité mentale sur laquelle il conviendrait de

478 2251 1922 165 se prononcer avant de juger l'affaire au fond.

1202 2375 1435 149 attendu qu'il y a donc lieu de se

482 2492 2187 165 demander si l'on ne se trouve par en présence d'un cuo-

466 2625 1025 140 nouveau de la desertion.

1214 2753 1403 149 attendu que dans l'intérêt de la

498 2866 2163 169 justice et du prevenu, il est nécessaire, indispensable

498 2998 2095 169 de connaitre quelle est la valeur mentale de Guérin

490 3135 2127 157 ; qu'il appartient au médecin légiste de se prononcer

502 3260 2179 161 en revélant et précisant les tares physiques ou stigmates

490 3388 2163 153 psychiques dont l'existence peut entraîner l'attenua-

482 3509 2175 145 tion, la diminution et même la suppression de la responsa

470 3630 704 152 bilité de l'accusé

1153 3750 1480 161 Par ces motifs et tous autre a déduire

486 3875 2147 161 en plaidant ou a suppléer d'office, plaise + +

498 4011 2147 145 + + Conseil de Guerre, avait qu'il soit statué en fond

490 4144 2123 137 nommer un medecin legiste avec mission de proceder a

482 4269 2139 153 l'examen du prévenu et dire dans son rapport si sa dé-

486 4385 2123 161 bilité mentale peut avoir eu une repercution sur ses

502 4502 209 217 actes

1270.0 4526.0 213.0 209.0 +
