4678 6175
138 241 3099 165 porte sabre, trois brosses à habits, dix paquets de tabac de cantine de cent grammes et un demi paquet

128 355 3098 149 de tabac de cinq cents grammes, un surfaix de couverture, un ceinturon en cuir, trois courroies de charge

144 432 3077 128 une gourmette de bride et un bout de cuir neuf de 0,30 de long sur 0,05 de large, un tricot de laine, une

144 504 3046 149 paire de ciseaux de pausage, trois brosses à habit, une paire de bretelles, une demi-boîte d'encaustique

123 576 1950 154 jaune, effets et objets appartenant à des militaires, ou à l'Etat?

257 643 2897 154 3^e: Est-il coupable dans les mêmes circonstances de temps et lieu, soustrait

133 735 3098 160 frauduleusement quatre vingt treize paquets de tabac de troupe, deux toiles de tente, un licol de parade

113 823 2033 175 avec longe, effets et objets appartenant à des militaires ou à l'Etat?

174 1399 2960 175 Les voix recueillies séparément, conformément à l'article 131 du Code de justice militaire, ou commençant par le grade inférieur

118 1512 1930 124 le Président ayant émis son opinion le dernier, le Conseil de guerre permanent déclare

154 1636 2763 190 sur la 1^ere question, à la majorité de trois voix contre deux, non

154 1795 2774 191 sur la 2^e question à la majorité de trois voix contre deux, non

174 1955 2779 195 Sur la 3^e question, à la majorité de trois vois contre deux, non

164 2670 165 144 Sur quoi

355 2660 2789 165 et attendu les conclusions prises par le Commissaire du Gouvernement dans ses réquisitions, le Président a lu le texte

123 2768 3000 139 de la loi, recueilli de nouveau les voix dans la forme prescrite par les articles 131 et 134 du Code de militaire pour l'appli-

123 2850 340 98 cation de la peine.

164 2912 2460 134 Le Conseil est rentré en séance publique, le Président a lu les motifs que précèdent et le dispositif ci-dessous.

159 2984 648 134 En conséquence, le Conseil (1)

164 3051 3155 196 acquitte le nommé Michels (Pierre Rémi) de la prévention dirigée

149 3211 2954 149 contre lui et le Président ordonne qu'il soit mis en liberté s'il n'est retenu

149 3319 3021 205 pour autre cause, conformément à l'article 136 du code de justice militaire

149 3488 463 160 ainsi conçu:

313 3586 2805 170 ...... si l'accusé n'est pas reconnu coupable, le Conseil prononce son

185 3715 2954 231 acquittement, et le président ordonne qu'il soit mis en liberté s'il n'est retenu

174 3854 690 170 pour autre cause.»

149 5711 2959 134 (1) Avoir soin de spécifier, s'il y a lieu, après t'indication de la peine infligée, la décision motivée du Conseil relative à ma non-imputation pour tout ou

102 5722 1266 180 partie de la détention préventive sur la durée de la peine prononcée.
