4177 6265
1127 318 2799 141 Enjoint au Commissaire du Gouvernement de faire donner immédiatement en sa présence lecture du présent jugement à

1049 422 1572 110 l'acquitté devant la garde rassemblée sous les armes,

1070 464 2997 167 de avertir que la loi accorde un délai de trois jours francs pour se pourvoir en cassation (1), ou de vingt-quatre heures

1065 574 725 136 pour se pourvoir en revision (2)

1127 673 2564 219 Fait, clos et jugé sans désemparer, en séance publique, à S^t Pol, les jour, mois et an que dessus.

1133 840 2934 162 En conséquence, LE PRÉSIDENT DE LA RÉPUBLIQUE MANDE et ORDONNE à tous huissiers sur ce requis de mettre ledit jugement à

1075 950 2997 130 exécution; aux Procureurs généraux et aux Procureurs de la République près les tribunaux de première instance d'y tenir la

1070 1028 2731 141 main; à tous commandants et officiers de la force publique de prêter main-forte lorsqu'ils en seront légalement requis.

1133 1148 2135 162 En foi de quoi le présent jugement a été signé par les Membres du Conseil et par le Greffier.

1754 1310 611 303 +

3127.0 1237.0 496.0 391.0 +

1357.0 1409.0 225.0 308.0 +

2224.0 1294.0 558.0 543.0 +

3597.0 1373.0 475.0 365.0 +

3148.0 1571.0 433.0 313.0 +

1122 1916 2877 120 L'an mil neuf cent seize, le neuf mars le présent jugement à été lu par nous, Greffier soussigné, à l'acquitté

2166 1989 1896 125 averti par le Commissaire du Gouvernement que l'article 44 de la loi du 17 avril

1080 2067 2736 125 1906 accorde trois jours pour se pourvoir en cassation (1), ou que les articles 141 et 143 du Code de justice militaire

1070 2145 2882 126 accordent vingt-quatre heures pour se pourvoir en revision (2), lesquels commencent à courir de l'expiration du présent jour.

3983 2130 84 188 Cette

1070 2213 1451 141 lecture faite en présence de la garde rassemblée sous les armes.

1749 2333 778 120 Le Commissaire du Gouvernement,

1884 2422 533 214 +

3247 2333 256 126 Le Greffier,

3268 2333 616 548 +

2271.0 2824.0 626.0 136.0 EXÉCUTOIRE.

1143 3085 2276 209 Vu la procédure instruite contre le nommé Michels (Pierre Rémi)

1065 3231 892 183 et les frais d'icelle dont le détail suit:

1315 3362 2225 115 1^o Coût du transport des pièces et objets pouvant servie à conviction ou à décharge................. ......

1315 3445 2225 105 2^o Honoraires des officiers de santé, médecins, chirurgiens civils, sages-femmes, experts, interprètes, traducteurs et

1409 3503 2136 99 autres, appelés en justice.................................................................

1305 3544 2235 115 3^o Indemnités accordées aux témoins civils et militaires..............................................

1320 3618 2220 109 4^o Frais de garde de scellés et ceux de mise en fourrière.............................................

1310 3675 2224 110 5^o Indemnités de route, de transport et de séjour, accordées aux membres des tribunaux militaires pour les dépla-

1409 3743 2136 109 cements auxquels l'instruction des procédures peut donner lieu, ainsi que toutes autres dépenses nécessitées

1414 3811 2126 94 de ce chef..............................................................................

1331 3858 2214 115 6^o Port des lettres et paquets pour l'instruction, sauf le port des lettres résultant de l'application de la loi du

1414 3931 2115 115 15 juin 1899............................................................................

1315 3988 2219 110 7^o Frais l'impression des arrêts, jugements et ordonnances de justice, quand il y a lieu..................

1320 4061 2214 100 8^o Prime de capture des contumax, des déserteurs et des insoumis......................................

1315 4108 2225 120 9^o Frais résultant de l'obtention des extraits du casier judiciaire.........................................

1305 4166 2235 130 10^o Prix du bulletin n^o 1 et du duplicata dudit (décret du 12 décembre 1899, art. 13).....................

1305 4239 2240 120 11^o Coût des bulletins n^o 1 et du duplicata de ces bulletins établis par les greffiers des conseils de guerre au sujet

1435 4301 2110 115 des condamnations prononcées par ces conseils (décret du 12 décembre 1899, art. 13)....................

1300 4359 2401 120 12^o Frais de procédure ou coût du jugement........................................................ 12^f 00

1294 4422 2261 114 13^o Amende.........................................................................................

1305 4489 2240 105 14^o Décimes additionnels (en France)...............................................................

1305 4552 2240 104 15^o Frais fixes de procédure devant la Cour de cassation ou le Conseil de revision...........................

1300 4604 2234 141 16^o Frais fixes de procédure devant le Conseil de guerre jugeant en 2^e instance.............................

2067.0 4733.0 1493.0 115.0 TOTAL..................................................

1143 4850 2929 198 Vu le dispositif du jugement définitif, l'article 139 du Code de justice militaire, le Président du Conseil de guerre

1086 4970 2213 135 permanent de la liquide les frais dont l'état est ci-dessus à la somme de

1086 5116 2923 141 ladite somme être poursuivi sur les biens présents et à venir d condamné, par les percepteurs des Contributions directes.

2192 5053 1891 126 du montant de laquelle il délivre le présent exécutoire, pour le recouvrement de

1148 5194 2919 136 En conséquence, LE PRÉSIDENT DE LA RÉPUBLIQUE MANDE ET ORDONNE a tous huissiers sur ce requis de mettre ledit jugement à

1086 5273 2991 135 exécution; aux Procureurs généraux et aux Procureurs de la République près les tribunaux de première instance d'y tenir la

1080 5351 2731 162 main; à tous commandants et officiers de la force publique de prêter main-forte lorsqu'ils en seront légalement requis.

1143 5419 1170 130 Fait en la Chambre du Conseil de guerre susdit, à

2913 5455 104 214 , le

1143 5727 773 73 (1) En France, en Algérie et en Tunisie.

1138 5758 600 136 (2 Aux colonies et aux armées.

3033 5622 298 162 Le Président,
