<?xml version="1.0" encoding="UTF-8"?>
<alto xmlns:xsi="http://www.w3.org/2001/XMLSchema-instance"
      xmlns="http://www.loc.gov/standards/alto/ns-v4#"
      xsi:schemaLocation="http://www.loc.gov/standards/alto/ns-v4# http://www.loc.gov/standards/alto/v4/alto-4-2.xsd">
  <Description>
    <MeasurementUnit>pixel</MeasurementUnit>
    <sourceImageInformation>
      <fileName>11_J_185_0228.jpg</fileName>
      
    </sourceImageInformation>
  </Description>
  
  <Tags>
    <OtherTag ID="BT16575" LABEL="MarginTextZone" DESCRIPTION="block type MarginTextZone"/><OtherTag ID="BT16576" LABEL="DamageZone" DESCRIPTION="block type DamageZone"/><OtherTag ID="BT16577" LABEL="DigitizationArtefactZone" DESCRIPTION="block type DigitizationArtefactZone"/><OtherTag ID="BT16578" LABEL="DropCapitalZone" DESCRIPTION="block type DropCapitalZone"/><OtherTag ID="BT16579" LABEL="GraphicZone" DESCRIPTION="block type GraphicZone"/><OtherTag ID="BT16580" LABEL="MusicZone" DESCRIPTION="block type MusicZone"/><OtherTag ID="BT16581" LABEL="NumberingZone" DESCRIPTION="block type NumberingZone"/><OtherTag ID="BT16582" LABEL="QuireMarksZone" DESCRIPTION="block type QuireMarksZone"/><OtherTag ID="BT16583" LABEL="RunningTitleZone" DESCRIPTION="block type RunningTitleZone"/><OtherTag ID="BT16584" LABEL="SealZone" DESCRIPTION="block type SealZone"/><OtherTag ID="BT16585" LABEL="StampZone" DESCRIPTION="block type StampZone"/><OtherTag ID="BT16586" LABEL="TableZone" DESCRIPTION="block type TableZone"/><OtherTag ID="BT16587" LABEL="TitlePageZone" DESCRIPTION="block type TitlePageZone"/><OtherTag ID="BT19261" LABEL="MainZone" DESCRIPTION="block type MainZone"/><OtherTag ID="BT21623" LABEL="MainZone-judgementNumber" DESCRIPTION="block type MainZone-judgementNumber"/><OtherTag ID="BT21624" LABEL="MainZone-judgementPlace" DESCRIPTION="block type MainZone-judgementPlace"/><OtherTag ID="BT21625" LABEL="MainZone-orderNumber" DESCRIPTION="block type MainZone-orderNumber"/><OtherTag ID="BT21626" LABEL="MainZone-crimeDate" DESCRIPTION="block type MainZone-crimeDate"/><OtherTag ID="BT21627" LABEL="MarginTextZone-note" DESCRIPTION="block type MarginTextZone-note"/><OtherTag ID="BT21628" LABEL="QuireMarksZone-signature" DESCRIPTION="block type QuireMarksZone-signature"/><OtherTag ID="BT21629" LABEL="CustomZone-signature" DESCRIPTION="block type CustomZone-signature"/><OtherTag ID="BT21630" LABEL="MarginTextZone-addition" DESCRIPTION="block type MarginTextZone-addition"/>
    <OtherTag ID="LT6926" LABEL="DefaultLine" DESCRIPTION="line type DefaultLine"/><OtherTag ID="LT6927" LABEL="HeadingLine" DESCRIPTION="line type HeadingLine"/><OtherTag ID="LT6928" LABEL="InterlinearLine" DESCRIPTION="line type InterlinearLine"/><OtherTag ID="LT8439" LABEL="CustomLine:scratched" DESCRIPTION="line type CustomLine:scratched"/><OtherTag ID="LT8440" LABEL="CustomLine:signature" DESCRIPTION="line type CustomLine:signature"/><OtherTag ID="LT8441" LABEL="CustomLine:margin" DESCRIPTION="line type CustomLine:margin"/><OtherTag ID="LT8442" LABEL="default" DESCRIPTION="line type default"/>
  </Tags>
  
  <Layout>
    <Page WIDTH="4225"
          HEIGHT="6265"
          PHYSICAL_IMG_NR="155"
          ID="eSc_dummypage_">
      <PrintSpace HPOS="0"
                  VPOS="0"
                  WIDTH="4225"
                  HEIGHT="6265">
        
        <TextBlock HPOS="1047.0"
                   VPOS="136.0"
                   WIDTH="3178.0"
                   HEIGHT="1114.0"
                   ID="7d892c32-d018-42d5-bf79-cb4f56cf6f19"
                   TAGREFS="BT19261">
          <Shape><Polygon POINTS="1047 136 4225 136 4225 1250 1047 1250 1047 136"/></Shape>
          
          
          <TextLine ID="98fbc22c-76a3-4b58-9f0d-8e6d494a991e"
                    TAGREFS="LT6926"
                    BASELINE="1185 406 3729 389 3730 389 4050 419" 
                    HPOS="1175"
                    VPOS="287"
                    WIDTH="2872"
                    HEIGHT="151">
            <Shape><Polygon POINTS="1180 402 1180 438 4042 433 4047 417 4042 313 3817 287 3812 287 3462 313 3394 313 1175 313 1180 402"/></Shape>
	    <String CONTENT="Enjoint au Commissaire du Gouvernement de faire donner immédiatement en sa présence lecture du présent jugement au"
                    HPOS="1175"
                    VPOS="287"
                    WIDTH="2872"
                    HEIGHT="151"
                    WC="0.975958364051685"></String>
          </TextLine>

          
          
          <TextLine ID="cb605b54-0660-46cd-81ed-c1c8827459bd"
                    TAGREFS="LT6926"
                    BASELINE="1193 476 2677 470" 
                    HPOS="1185"
                    VPOS="396"
                    WIDTH="1488"
                    HEIGHT="115">
            <Shape><Polygon POINTS="2021 402 1968 402 1916 402 1864 402 1812 402 1759 402 1707 402 1655 402 1603 402 1551 402 1498 402 1446 402 1394 402 1342 402 1289 402 1237 402 1185 402 1190 475 1190 511 2668 511 2673 469 2658 396 2047 396 2021 402"/></Shape>
	    <String CONTENT="condamné devant la garde rassemblée sous les armes,"
                    HPOS="1185"
                    VPOS="396"
                    WIDTH="1488"
                    HEIGHT="115"></String>
          </TextLine>

          
          
          <TextLine ID="eff0995c-584b-45e7-80eb-517586f9f137"
                    TAGREFS="LT8439"
                    BASELINE="1109 549 3706 537 4148 578" 
                    HPOS="1101"
                    VPOS="464"
                    WIDTH="3045"
                    HEIGHT="141">
            <Shape><Polygon POINTS="2668 475 2616 475 2564 475 2512 475 2459 475 2407 475 2355 475 2303 475 2250 475 2198 475 2146 475 2094 475 2041 475 1989 475 1937 475 1885 475 1833 475 1780 475 1728 475 1676 475 1624 475 1571 475 1519 475 1467 475 1415 475 1363 475 1310 475 1258 475 1206 475 1201 464 1101 464 1107 548 1112 605 1195 579 4136 595 4146 574 4141 469 2668 464 2668 475"/></Shape>
	    <String CONTENT="de avertir que la loi accorde un délai de trois jours francs pour se pourvoir en cassation (1), ou de vingt-quatre heures"
                    HPOS="1101"
                    VPOS="464"
                    WIDTH="3045"
                    HEIGHT="141"
                    WC="0.9835455545709153"></String>
          </TextLine>

          
          
          <TextLine ID="c885c9db-c533-4cdb-b9fd-c3444f91884b"
                    TAGREFS="LT8439"
                    BASELINE="1118 629 1839 619" 
                    HPOS="1112"
                    VPOS="542"
                    WIDTH="726"
                    HEIGHT="131">
            <Shape><Polygon POINTS="1791 542 1739 542 1686 542 1639 542 1483 542 1477 548 1462 548 1112 553 1117 626 1117 673 1838 668 1838 616 1822 542 1791 542"/></Shape>
	    <String CONTENT="pour se pourvoir en revision (2)."
                    HPOS="1112"
                    VPOS="542"
                    WIDTH="726"
                    HEIGHT="131"></String>
          </TextLine>

          
          
          <TextLine ID="f4c8595f-e33e-49e1-b1b2-d07e9a272bba"
                    TAGREFS="LT6926"
                    BASELINE="1180 792 3758 779" 
                    HPOS="1169"
                    VPOS="668"
                    WIDTH="2585"
                    HEIGHT="156">
            <Shape><Polygon POINTS="1175 788 1175 814 3744 824 3754 777 3749 704 3666 668 3660 668 3655 668 3650 668 3561 699 3493 668 3488 668 3483 668 3478 668 3410 704 3117 704 3076 668 3070 668 3065 668 3060 668 2684 694 2491 668 2485 668 2480 668 2475 668 2418 710 2130 710 2031 673 2026 673 2021 673 2015 673 2010 673 1958 704 1582 683 1577 683 1169 710 1175 788"/></Shape>
	    <String CONTENT="Fait, clos et jugé sans désemparer, en séance publique, à Clermont (oise), les jour, mois et an que dessus."
                    HPOS="1169"
                    VPOS="668"
                    WIDTH="2585"
                    HEIGHT="156"></String>
          </TextLine>

          
          
          <TextLine ID="3377bdd3-0ea5-4400-b8d9-4b6b3d334377"
                    TAGREFS="LT6926"
                    BASELINE="1171 939 3777 931 4148 963" 
                    HPOS="1164"
                    VPOS="824"
                    WIDTH="2982"
                    HEIGHT="147">
            <Shape><Polygon POINTS="1169 934 1169 960 4136 971 4146 960 4141 856 3958 824 3953 824 3948 824 3880 850 3739 824 3734 824 3613 850 3603 850 3598 850 3530 824 3525 824 3519 824 3410 850 3389 856 3154 856 3149 845 3128 830 3128 824 3123 824 3117 824 3112 824 2689 845 2491 850 2449 840 2381 824 2376 824 2371 824 2365 824 2303 840 2266 850 2219 840 2162 824 2156 824 2151 824 2062 840 1989 850 1164 835 1169 934"/></Shape>
	    <String CONTENT="En conséquence, LE PRÉSIDENT DE LA RÉPUBLIQUE MANDE et ORDONNE à tous huissiers sur ce requis de mettre ledit jugement à"
                    HPOS="1164"
                    VPOS="824"
                    WIDTH="2982"
                    HEIGHT="147"></String>
          </TextLine>

          
          
          <TextLine ID="8d662ca6-fd49-43d3-8eb5-6cedfd297101"
                    TAGREFS="LT6926"
                    BASELINE="1112 1019 3391 1002 4144 1036" 
                    HPOS="1101"
                    VPOS="934"
                    WIDTH="3040"
                    HEIGHT="120">
            <Shape><Polygon POINTS="4130 960 4078 955 4026 955 3974 950 3922 944 3869 939 3817 934 3765 934 3713 934 3660 934 3608 934 3556 934 3504 934 3452 934 3399 934 3347 934 3295 934 3243 934 3190 934 3138 934 3117 934 1101 939 1107 1018 1107 1054 4136 1044 4141 1033 4130 960 4130 960"/></Shape>
	    <String CONTENT="exécution; aux Procureurs généraux et aux Procureurs de la République près les tribunaux de première instance d&#x27;y tenir"
                    HPOS="1101"
                    VPOS="934"
                    WIDTH="3040"
                    HEIGHT="120"
                    WC="0.962504857227582"></String>
          </TextLine>

          
          
          <TextLine ID="86e14a89-ae76-4800-80d1-67e718d0d6f0"
                    TAGREFS="LT6926"
                    BASELINE="1120 1086 3861 1082" 
                    HPOS="1112"
                    VPOS="1007"
                    WIDTH="2747"
                    HEIGHT="131">
            <Shape><Polygon POINTS="3828 1012 3775 1007 1639 1007 1634 1012 1582 1012 1530 1012 1477 1012 1425 1012 1373 1018 1321 1018 1269 1018 1216 1018 1164 1018 1112 1018 1117 1085 1117 1138 3854 1117 3859 1080 3843 1012 3828 1012"/></Shape>
	    <String CONTENT="main; à tous commandants et officiers de la force publique de prêter main-forte lorsqu&#x27;ils en seront légalement requis."
                    HPOS="1112"
                    VPOS="1007"
                    WIDTH="2747"
                    HEIGHT="131"
                    WC="0.9810194628579276"></String>
          </TextLine>

          
          
          <TextLine ID="ce1405d4-90b8-434c-8640-45119db8e30a"
                    TAGREFS="LT6926"
                    BASELINE="1176 1231 3316 1211" 
                    HPOS="1169"
                    VPOS="1106"
                    WIDTH="2142"
                    HEIGHT="157">
            <Shape><Polygon POINTS="1175 1226 1175 1263 3305 1247 3311 1206 3295 1106 1169 1122 1175 1226"/></Shape>
	    <String CONTENT="En foi de quoi le présent jugement a été signé par les Membres du Conseil et par le Greffier."
                    HPOS="1169"
                    VPOS="1106"
                    WIDTH="2142"
                    HEIGHT="157"></String>
          </TextLine>

          
        </TextBlock>
        
        <TextBlock HPOS="919.0"
                   VPOS="1264.0"
                   WIDTH="3306.0"
                   HEIGHT="633.0"
                   ID="47766391-6564-4199-ba6b-c76df726fd91"
                   TAGREFS="BT21629">
          <Shape><Polygon POINTS="919 1264 4225 1264 4225 1897 919 1897 919 1264"/></Shape>
          
          
          <TextLine ID="eSc_line_e3132586"
                    TAGREFS="LT8440"
                    BASELINE="3161 1565 3722 1525" 
                    HPOS="3149"
                    VPOS="1373"
                    WIDTH="574"
                    HEIGHT="297">
            <Shape><Polygon POINTS="3159 1561 3164 1670 3723 1644 3718 1524 3702 1409 3593 1414 3582 1409 3551 1383 3546 1383 3540 1383 3535 1383 3530 1383 3478 1409 3462 1420 3452 1409 3399 1373 3394 1373 3389 1373 3384 1373 3149 1414 3159 1561"/></Shape>
	    <String CONTENT="+"
                    HPOS="3149"
                    VPOS="1373"
                    WIDTH="574"
                    HEIGHT="297"></String>
          </TextLine>

          
          
          <TextLine ID="eSc_line_032bbddc"
                    TAGREFS="LT8440"
                    BASELINE="1097 1605 1457 1507" 
                    HPOS="1060.0"
                    VPOS="1388.0"
                    WIDTH="402.0"
                    HEIGHT="282.0">
            <Shape><Polygon POINTS="1096 1602 1117 1670 1154 1634 1462 1566 1451 1503 1415 1388 1138 1435 1133 1435 1128 1435 1060 1477 1096 1602"/></Shape>
	    <String CONTENT="+"
                    HPOS="1060.0"
                    VPOS="1388.0"
                    WIDTH="402.0"
                    HEIGHT="282.0"></String>
          </TextLine>

          
          
          <TextLine ID="eSc_line_a2128372"
                    TAGREFS="LT8440"
                    BASELINE="2244 1642 2817 1556" 
                    HPOS="2209.0"
                    VPOS="1435.0"
                    WIDTH="616.0"
                    HEIGHT="413.0">
            <Shape><Polygon POINTS="2240 1639 2266 1848 2433 1832 2438 1832 2444 1832 2564 1743 2663 1665 2825 1639 2814 1555 2794 1446 2663 1446 2658 1446 2653 1446 2647 1446 2647 1451 2600 1498 2485 1514 2386 1451 2365 1435 2360 1435 2355 1435 2350 1435 2209 1451 2240 1639"/></Shape>
	    <String CONTENT="+"
                    HPOS="2209.0"
                    VPOS="1435.0"
                    WIDTH="616.0"
                    HEIGHT="413.0"></String>
          </TextLine>

          
          
          <TextLine ID="eSc_line_b6cd7fac"
                    TAGREFS="LT8440"
                    BASELINE="1735 1697 2146 1501" 
                    HPOS="1665"
                    VPOS="1373"
                    WIDTH="518"
                    HEIGHT="417">
            <Shape><Polygon POINTS="1733 1696 1780 1790 2183 1597 2141 1498 2078 1373 2010 1404 1885 1388 1880 1388 1874 1388 1869 1388 1869 1393 1864 1393 1827 1440 1744 1456 1739 1456 1733 1456 1733 1461 1728 1461 1665 1561 1733 1696"/></Shape>
	    <String CONTENT="+"
                    HPOS="1665"
                    VPOS="1373"
                    WIDTH="518"
                    HEIGHT="417"
                    WC="0.9999990463256836"></String>
          </TextLine>

          
          
          <TextLine ID="eSc_line_8bdd3e69"
                    TAGREFS="LT8440"
                    BASELINE="3804 1690 4152 1526" 
                    HPOS="3754.0"
                    VPOS="1414.0"
                    WIDTH="408.0"
                    HEIGHT="314.0">
            <Shape><Polygon POINTS="3801 1686 3822 1728 4162 1561 4151 1524 4099 1414 3948 1425 3942 1425 3937 1425 3937 1430 3932 1430 3932 1435 3890 1519 3754 1587 3801 1686"/></Shape>
	    <String CONTENT="+"
                    HPOS="3754.0"
                    VPOS="1414.0"
                    WIDTH="408.0"
                    HEIGHT="314.0"
                    WC="0.998566210269928"></String>
          </TextLine>

          
          
          <TextLine ID="eSc_line_51133e45"
                    TAGREFS="LT8440"
                    BASELINE="3195 1849 3469 1715" 
                    HPOS="3143.0"
                    VPOS="1623.0"
                    WIDTH="345.0"
                    HEIGHT="272.0">
            <Shape><Polygon POINTS="3211 1895 3488 1759 3467 1712 3415 1623 3258 1722 3143 1743 3190 1848 3211 1895"/></Shape>
	    <String CONTENT="+"
                    HPOS="3143.0"
                    VPOS="1623.0"
                    WIDTH="345.0"
                    HEIGHT="272.0"
                    WC="0.9999936819076538"></String>
          </TextLine>

          
        </TextBlock>
        
        <TextBlock HPOS="1008.0"
                   VPOS="1902.0"
                   WIDTH="3213.0"
                   HEIGHT="459.0"
                   ID="f523ee24-4a04-41db-87c1-6d6aa7b05a2a"
                   TAGREFS="BT19261">
          <Shape><Polygon POINTS="1008 1902 4221 1902 4221 2361 1008 2361 1008 1902"/></Shape>
          
          
          <TextLine ID="04a07f8c-e8df-48f5-ae7e-9a115880538b"
                    TAGREFS="LT6926"
                    BASELINE="1180 1976 4082 1983" 
                    HPOS="1169"
                    VPOS="1905"
                    WIDTH="2909"
                    HEIGHT="105">
            <Shape><Polygon POINTS="4042 1905 3989 1905 3937 1905 3885 1905 3833 1905 3781 1905 3728 1905 3676 1905 3624 1905 3572 1905 3519 1905 3467 1905 3415 1905 3363 1905 3311 1905 3258 1905 3206 1905 3154 1905 3102 1905 3049 1905 2997 1905 2945 1905 2893 1905 2841 1905 2788 1905 2736 1905 2684 1905 2632 1905 2579 1905 2527 1905 2475 1905 2423 1905 2371 1905 2318 1905 2266 1905 2214 1905 2162 1905 2109 1905 2057 1905 2005 1905 1953 1905 1900 1905 1848 1905 1796 1905 1744 1905 1692 1905 1639 1905 1587 1905 1535 1905 1483 1905 1430 1905 1378 1905 1326 1905 1274 1905 1222 1905 1175 1905 1175 1973 1169 1994 4068 2010 4078 1978 4068 1905 4042 1905"/></Shape>
	    <String CONTENT="L&#x27;an mil neuf cent seize le trois mai le présent jugement a été lu par nous, Greffier soussigné, au condamné"
                    HPOS="1169"
                    VPOS="1905"
                    WIDTH="2909"
                    HEIGHT="105"></String>
          </TextLine>

          
          
          <TextLine ID="70c919f3-c1d4-4bc6-a221-7cffbf4bcc2d"
                    TAGREFS="LT8439"
                    BASELINE="2217 2046 4128 2063" 
                    HPOS="2209"
                    VPOS="1978"
                    WIDTH="1916"
                    HEIGHT="120">
            <Shape><Polygon POINTS="3154 1978 3102 1978 3049 1978 2997 1978 2945 1978 2893 1978 2841 1978 2788 1978 2736 1978 2684 1978 2632 1978 2579 1978 2527 1978 2475 1978 2423 1978 2371 1978 2318 1978 2266 1978 2214 1978 2214 2041 2209 2067 4115 2098 4125 2062 4120 1989 3164 1978 3154 1978"/></Shape>
	    <String CONTENT="averti par le Commissaire du Gouvernement que l&#x27;article 44 de la loi du 17 avril"
                    HPOS="2209"
                    VPOS="1978"
                    WIDTH="1916"
                    HEIGHT="120"></String>
          </TextLine>

          
          
          <TextLine ID="e45e35ec-d2e6-4aed-9a1c-4b2f71e212a8"
                    TAGREFS="LT8439"
                    BASELINE="1130 2119 3857 2133" 
                    HPOS="1122"
                    VPOS="2041"
                    WIDTH="2732"
                    HEIGHT="115">
            <Shape><Polygon POINTS="1128 2114 1122 2150 3843 2156 3854 2130 3848 2051 1128 2041 1128 2114"/></Shape>
	    <String CONTENT="1906 accorde trois jours pour se pourvoir en cassation (1), ou que les articles 141 et 143 du Code de justice militaire"
                    HPOS="1122"
                    VPOS="2041"
                    WIDTH="2732"
                    HEIGHT="115"
                    WC="0.9777958092569303"></String>
          </TextLine>

          
          
          <TextLine ID="9b2dac2f-676c-425b-ab53-718d3fd58051"
                    TAGREFS="LT8439"
                    BASELINE="1125 2196 4006 2207" 
                    HPOS="1117"
                    VPOS="2119"
                    WIDTH="2888"
                    HEIGHT="120">
            <Shape><Polygon POINTS="3838 2130 3786 2130 3734 2130 3681 2130 3629 2130 3577 2130 3525 2130 3472 2130 3420 2130 3368 2130 3316 2130 3264 2130 3211 2130 3159 2130 3107 2130 3055 2130 3002 2130 2950 2130 2898 2124 2846 2124 2794 2124 2741 2124 2689 2124 2637 2124 2585 2124 2532 2124 2480 2124 2428 2124 2376 2124 2324 2124 2271 2124 2219 2124 2167 2124 2115 2124 2062 2124 2010 2119 1958 2119 1906 2119 1853 2119 1801 2119 1749 2119 1697 2119 1645 2119 1592 2119 1540 2119 1488 2119 1436 2119 1383 2119 1331 2119 1279 2119 1227 2119 1175 2119 1122 2119 1122 2192 1117 2218 3995 2239 4005 2203 4000 2119 3843 2119 3838 2130"/></Shape>
	    <String CONTENT="accordent vingt-quatre heures pour se pourvoir en revision (2), lesquels commencent à courir de l&#x27;expiration du présent jour."
                    HPOS="1117"
                    VPOS="2119"
                    WIDTH="2888"
                    HEIGHT="120"
                    WC="0.9762274932861328"></String>
          </TextLine>

          
          
          <TextLine ID="eSc_line_96921a48"
                    TAGREFS="LT6926"
                    BASELINE="4042 2218 4134 2221" 
                    HPOS="4031"
                    VPOS="2114"
                    WIDTH="99"
                    HEIGHT="130">
            <Shape><Polygon POINTS="4031 2244 4125 2244 4130 2218 4130 2140 4042 2114 4036 2213 4031 2244"/></Shape>
	    <String CONTENT="Cette"
                    HPOS="4031"
                    VPOS="2114"
                    WIDTH="99"
                    HEIGHT="130"></String>
          </TextLine>

          
          
          <TextLine ID="eSc_line_fcf76326"
                    TAGREFS="LT6926"
                    BASELINE="1132 2268 3975 2269" 
                    HPOS="1128"
                    VPOS="2192"
                    WIDTH="2846"
                    HEIGHT="120">
            <Shape><Polygon POINTS="1128 2265 1128 2312 3974 2312 3974 2265 3974 2203 1128 2192 1128 2265"/></Shape>
	    <String CONTENT="lecture faite en présence de la garde rassemblee sous les armes. Le Commissaire du Gouvernement lui a donné"
                    HPOS="1128"
                    VPOS="2192"
                    WIDTH="2846"
                    HEIGHT="120"></String>
          </TextLine>

          
          
          <TextLine ID="bcc84b61-3a52-4636-a350-53409e6f58ff"
                    TAGREFS="LT6926"
                    BASELINE="1125 2347 2207 2325 3120 2334" 
                    HPOS="1117"
                    VPOS="2255"
                    WIDTH="2000"
                    HEIGHT="146">
            <Shape><Polygon POINTS="1122 2344 1128 2401 1190 2375 1451 2396 1457 2396 1462 2396 1467 2396 1509 2370 1754 2396 1759 2396 1765 2396 1770 2396 1775 2396 1775 2391 1780 2391 1801 2359 1853 2359 1906 2359 1916 2359 1958 2359 2010 2359 2062 2359 2115 2359 2167 2359 2219 2359 2271 2359 2318 2359 2371 2359 2423 2359 2475 2359 2527 2359 2527 2380 2673 2391 2720 2391 2726 2391 2731 2391 2736 2391 2861 2354 2903 2385 2908 2385 2914 2385 2919 2391 3117 2391 3117 2333 3107 2255 1117 2265 1122 2344"/></Shape>
	    <String CONTENT="connaissance des prescriptions de l&#x27;article 3 de la loi du 26 mars 1891."
                    HPOS="1117"
                    VPOS="2255"
                    WIDTH="2000"
                    HEIGHT="146"></String>
          </TextLine>

          
        </TextBlock>
        
        <TextBlock HPOS="1746.0"
                   VPOS="2351.0"
                   WIDTH="2219.0"
                   HEIGHT="471.0"
                   ID="50a92d8b-4bc5-4e40-a7e2-89ee0cddb6de"
                   TAGREFS="BT21629">
          <Shape><Polygon POINTS="1746 2351 3965 2351 3965 2822 1746 2822 1746 2351"/></Shape>
          
          
          <TextLine ID="9421ee3a-5d46-44fa-a756-f493285d7e06"
                    TAGREFS="LT6926"
                    BASELINE="1795 2394 2558 2394" 
                    HPOS="1791"
                    VPOS="2354"
                    WIDTH="762"
                    HEIGHT="94">
            <Shape><Polygon POINTS="2522 2354 2470 2354 2418 2354 2365 2354 2313 2354 2261 2354 2209 2354 2156 2354 2104 2354 2052 2354 2000 2354 1947 2354 1895 2354 1843 2354 1791 2354 1791 2391 1791 2448 2553 2448 2553 2391 2553 2354 2522 2354"/></Shape>
	    <String CONTENT="Le Commissaire du Gouvernement,"
                    HPOS="1791"
                    VPOS="2354"
                    WIDTH="762"
                    HEIGHT="94"></String>
          </TextLine>

          
          
          <TextLine ID="b82eabc1-7210-4701-aeb1-917dea5e3bef"
                    TAGREFS="LT8440"
                    BASELINE="1887 2560 2526 2494" 
                    HPOS="1864"
                    VPOS="2396"
                    WIDTH="658"
                    HEIGHT="261">
            <Shape><Polygon POINTS="2125 2396 2073 2396 2036 2396 1864 2417 1885 2558 1890 2620 1979 2657 1984 2657 1989 2657 2193 2610 2329 2579 2522 2594 2522 2490 2506 2406 2256 2432 2193 2412 2146 2396 2125 2396"/></Shape>
	    <String CONTENT="+"
                    HPOS="1864"
                    VPOS="2396"
                    WIDTH="658"
                    HEIGHT="261"
                    WC="0.9999972581863403"></String>
          </TextLine>

          
          
          <TextLine ID="ed1775c6-821c-418a-baaa-fdc0de08285b"
                    TAGREFS="LT6926"
                    BASELINE="3301 2401 3551 2401" 
                    HPOS="3300"
                    VPOS="2354"
                    WIDTH="246"
                    HEIGHT="99">
            <Shape><Polygon POINTS="3509 2354 3457 2354 3405 2354 3352 2354 3300 2354 3300 2396 3300 2453 3546 2443 3546 2396 3546 2354 3509 2354"/></Shape>
	    <String CONTENT="Le Greffier,"
                    HPOS="3300"
                    VPOS="2354"
                    WIDTH="246"
                    HEIGHT="99"></String>
          </TextLine>

          
          
          <TextLine ID="eSc_line_d592d3f8"
                    TAGREFS="LT8440"
                    BASELINE="3298 2769 3762 2446" 
                    HPOS="3201.0"
                    VPOS="2354.0"
                    WIDTH="616.0"
                    HEIGHT="538.0">
            <Shape><Polygon POINTS="3681 2354 3436 2552 3368 2552 3363 2552 3358 2552 3352 2552 3201 2636 3295 2767 3384 2892 3817 2532 3760 2443 3692 2354 3681 2354"/></Shape>
	    <String CONTENT="+"
                    HPOS="3201.0"
                    VPOS="2354.0"
                    WIDTH="616.0"
                    HEIGHT="538.0"
                    WC="0.9999610185623169"></String>
          </TextLine>

          
        </TextBlock>
        
        <TextBlock HPOS="930.0"
                   VPOS="2814.0"
                   WIDTH="3282.0"
                   HEIGHT="2694.0"
                   ID="b2112ca8-2906-4014-812d-f3ca31d56c11"
                   TAGREFS="BT19261">
          <Shape><Polygon POINTS="930 2814 4212 2814 4212 5508 930 5508 930 2814"/></Shape>
          
          
          <TextLine ID="eSc_line_b9b2d242"
                    TAGREFS="LT6927"
                    BASELINE="2305 2903 2960 2903" 
                    HPOS="2303"
                    VPOS="2814"
                    WIDTH="652"
                    HEIGHT="146">
            <Shape><Polygon POINTS="2929 2814 2877 2814 2825 2814 2773 2814 2720 2814 2668 2814 2616 2814 2564 2814 2512 2814 2459 2814 2407 2814 2355 2814 2303 2814 2303 2902 2303 2944 2950 2960 2955 2902 2955 2814 2929 2814"/></Shape>
	    <String CONTENT="EXÉCUTOIRE."
                    HPOS="2303"
                    VPOS="2814"
                    WIDTH="652"
                    HEIGHT="146"
                    WC="0.9948766502467069"></String>
          </TextLine>

          
          
          <TextLine ID="1e7ee21b-74fb-4800-a074-3b9587305e22"
                    TAGREFS="LT6926"
                    BASELINE="1168 3219 3210 3211" 
                    HPOS="1159"
                    VPOS="3054"
                    WIDTH="2047"
                    HEIGHT="209">
            <Shape><Polygon POINTS="1164 3216 1164 3242 1822 3247 1843 3247 1895 3247 1947 3247 1947 3247 3196 3263 3206 3210 3185 3054 3039 3095 2961 3069 2955 3069 2950 3069 2945 3069 2856 3116 2726 3069 2684 3054 2679 3054 2198 3054 2193 3054 2188 3054 2115 3090 2057 3122 1530 3122 1514 3111 1441 3080 1436 3080 1430 3080 1159 3122 1164 3216"/></Shape>
	    <String CONTENT="Vu le procédure instruite contre le soldat Valade (Louis)"
                    HPOS="1159"
                    VPOS="3054"
                    WIDTH="2047"
                    HEIGHT="209"></String>
          </TextLine>

          
          
          <TextLine ID="b52730f4-3011-4ef0-90a9-c44b6f6f9575"
                    TAGREFS="LT6926"
                    BASELINE="1101 3288 1988 3288" 
                    HPOS="1096"
                    VPOS="3205"
                    WIDTH="888"
                    HEIGHT="146">
            <Shape><Polygon POINTS="1932 3216 1880 3216 1827 3216 1775 3216 1723 3216 1671 3216 1618 3216 1566 3216 1514 3216 1462 3216 1410 3216 1357 3216 1305 3216 1253 3216 1201 3216 1195 3205 1096 3205 1096 3283 1096 3341 1979 3351 1984 3283 1979 3216 1932 3216"/></Shape>
	    <String CONTENT="et les frais d&#x27;icelle dont le détail suit:"
                    HPOS="1096"
                    VPOS="3205"
                    WIDTH="888"
                    HEIGHT="146"
                    WC="0.9647753153528486"></String>
          </TextLine>

          
          
          <TextLine ID="69f277f8-69a4-453c-ada5-2047af11daaf"
                    TAGREFS="LT6926"
                    BASELINE="1357 3414 3568 3444" 
                    HPOS="1347"
                    VPOS="3336"
                    WIDTH="2219"
                    HEIGHT="120">
            <Shape><Polygon POINTS="1352 3409 1347 3435 3556 3456 3566 3440 3566 3351 1352 3336 1352 3409"/></Shape>
	    <String CONTENT="1^o Coût du transport des pièces et objets pouvant servie à conviction ou à décharge................. ......"
                    HPOS="1347"
                    VPOS="3336"
                    WIDTH="2219"
                    HEIGHT="120"
                    WC="0.9796544439202055"></String>
          </TextLine>

          
          
          <TextLine ID="f8f14b51-3853-481b-b740-adbd62491e88"
                    TAGREFS="LT6926"
                    BASELINE="1359 3476 3570 3501" 
                    HPOS="1352"
                    VPOS="3414"
                    WIDTH="2214"
                    HEIGHT="120">
            <Shape><Polygon POINTS="3551 3440 3499 3440 3446 3440 3394 3440 3342 3440 3290 3440 3237 3440 3185 3435 3133 3435 3081 3435 3029 3435 2976 3435 2924 3435 2872 3435 2820 3430 2767 3430 2715 3430 2663 3430 2611 3430 2559 3430 2506 3430 2454 3424 2402 3424 2350 3424 2297 3424 2245 3424 2193 3424 2141 3424 2088 3419 2036 3419 1984 3419 1932 3419 1880 3419 1827 3419 1775 3419 1723 3419 1671 3414 1618 3414 1566 3414 1514 3414 1462 3414 1410 3414 1357 3414 1357 3471 1352 3508 3556 3534 3566 3497 3561 3440 3551 3440"/></Shape>
	    <String CONTENT="2^o Honoraires des officiers de santé, médecins, chirurgiens civils, sages-femmes, experts, interprètes, traducteurs et"
                    HPOS="1352"
                    VPOS="3414"
                    WIDTH="2214"
                    HEIGHT="120"
                    WC="0.9619939144419021"></String>
          </TextLine>

          
          
          <TextLine ID="0649de69-9c02-4687-a1d8-313c93740164"
                    TAGREFS="LT6926"
                    BASELINE="1446 3539 3566 3566" 
                    HPOS="1436"
                    VPOS="3471"
                    WIDTH="2125"
                    HEIGHT="126">
            <Shape><Polygon POINTS="1441 3534 1436 3565 3551 3597 3561 3565 3556 3497 1441 3471 1441 3534"/></Shape>
	    <String CONTENT="autres, appelés en justice................................................................."
                    HPOS="1436"
                    VPOS="3471"
                    WIDTH="2125"
                    HEIGHT="126"
                    WC="0.9730853943721108"></String>
          </TextLine>

          
          
          <TextLine ID="898acd6d-1aac-4987-8cda-2294a98f6500"
                    TAGREFS="LT6926"
                    BASELINE="1346 3602 3569 3623" 
                    HPOS="1336"
                    VPOS="3524"
                    WIDTH="2230"
                    HEIGHT="130">
            <Shape><Polygon POINTS="3535 3565 3483 3565 3431 3565 3378 3565 3326 3565 3274 3565 3222 3565 3170 3560 3117 3560 3065 3560 3013 3560 2961 3560 2908 3560 2856 3560 2804 3555 2752 3555 2700 3555 2647 3555 2595 3555 2543 3555 2491 3550 2438 3550 2386 3550 2334 3550 2282 3550 2230 3550 2177 3550 2125 3544 2073 3544 2021 3544 1968 3544 1916 3544 1864 3544 1812 3544 1759 3539 1707 3539 1655 3539 1603 3539 1551 3539 1498 3539 1446 3539 1430 3524 1342 3524 1342 3597 1336 3618 3556 3654 3566 3618 3561 3550 3535 3544 3535 3565"/></Shape>
	    <String CONTENT="3^o Indemnités accordées aux témoins civils et militaires.............................................."
                    HPOS="1336"
                    VPOS="3524"
                    WIDTH="2230"
                    HEIGHT="130"
                    WC="0.9537901617948291"></String>
          </TextLine>

          
          
          <TextLine ID="a04e1463-d952-4aa3-8a7e-a99655062694"
                    TAGREFS="LT6926"
                    BASELINE="1348 3668 3568 3692" 
                    HPOS="1342"
                    VPOS="3602"
                    WIDTH="2224"
                    HEIGHT="110">
            <Shape><Polygon POINTS="3540 3628 3488 3628 3436 3628 3384 3628 3331 3628 3279 3628 3227 3628 3175 3623 3123 3623 3070 3623 3018 3623 2966 3623 2914 3623 2861 3623 2809 3618 2757 3618 2705 3618 2653 3618 2600 3618 2548 3618 2496 3618 2444 3612 2391 3612 2339 3612 2287 3612 2235 3612 2183 3612 2130 3612 2078 3607 2026 3607 1974 3607 1921 3607 1869 3607 1817 3607 1765 3607 1712 3607 1660 3602 1608 3602 1556 3602 1504 3602 1451 3602 1399 3602 1347 3602 1347 3665 1342 3680 3556 3712 3566 3691 3561 3628 3540 3628"/></Shape>
	    <String CONTENT="4^o Frais de garde de scellés et ceux de mise en fourrière............................................."
                    HPOS="1342"
                    VPOS="3602"
                    WIDTH="2224"
                    HEIGHT="110"
                    WC="0.9686454389859172"></String>
          </TextLine>

          
          
          <TextLine ID="433eb85a-c7e2-4e9b-8714-3f044480f20e"
                    TAGREFS="LT6926"
                    BASELINE="1348 3721 3562 3751" 
                    HPOS="1342"
                    VPOS="3670"
                    WIDTH="2219"
                    HEIGHT="99">
            <Shape><Polygon POINTS="3540 3691 3488 3691 3436 3691 3384 3691 3331 3691 3279 3691 3227 3691 3175 3691 3123 3691 3070 3685 3018 3685 2966 3685 2914 3685 2861 3685 2809 3685 2757 3685 2705 3685 2653 3680 2600 3680 2548 3680 2496 3680 2444 3680 2391 3680 2339 3680 2287 3680 2235 3680 2183 3675 2130 3675 2078 3675 2026 3675 1974 3675 1921 3675 1869 3675 1817 3675 1765 3670 1712 3670 1660 3670 1608 3670 1556 3670 1504 3670 1451 3670 1399 3670 1347 3670 1347 3717 1342 3743 3551 3769 3561 3748 3556 3691 3540 3691"/></Shape>
	    <String CONTENT="5^o Indemnités de route, de transport et de séjour, accordées aux membres des tribunaux militaires pour les dépla-"
                    HPOS="1342"
                    VPOS="3670"
                    WIDTH="2219"
                    HEIGHT="99"
                    WC="0.9861161823858294"></String>
          </TextLine>

          
          
          <TextLine ID="d1798e51-9577-4b8a-ab9b-de77317d02c1"
                    TAGREFS="LT6926"
                    BASELINE="1447 3786 3572 3814" 
                    HPOS="1441"
                    VPOS="3722"
                    WIDTH="2125"
                    HEIGHT="110">
            <Shape><Polygon POINTS="3535 3748 3483 3748 3431 3748 3378 3748 3326 3748 3274 3748 3222 3748 3170 3743 3117 3743 3065 3743 3013 3743 2961 3743 2908 3743 2856 3743 2804 3738 2752 3738 2700 3738 2647 3738 2595 3738 2543 3738 2491 3738 2438 3732 2386 3732 2334 3732 2282 3732 2230 3732 2177 3732 2125 3732 2073 3727 2021 3727 1968 3727 1916 3727 1864 3727 1812 3727 1759 3727 1707 3722 1655 3722 1603 3722 1551 3722 1498 3722 1446 3722 1446 3785 1441 3821 3556 3832 3566 3811 3561 3732 3540 3727 3535 3748"/></Shape>
	    <String CONTENT="cements auxquels l&#x27;instruction des procédures peut donner lieu, ainsi que toutes autres dépenses nécessitées"
                    HPOS="1441"
                    VPOS="3722"
                    WIDTH="2125"
                    HEIGHT="110"
                    WC="0.9791556119366929"></String>
          </TextLine>

          
          
          <TextLine ID="d41724b8-a030-40c4-988a-00c95231875c"
                    TAGREFS="LT6926"
                    BASELINE="1455 3846 3568 3874" 
                    HPOS="1446"
                    VPOS="3790"
                    WIDTH="2120"
                    HEIGHT="104">
            <Shape><Polygon POINTS="3540 3811 3488 3811 3436 3811 3384 3811 3331 3811 3279 3811 3227 3811 3175 3811 3123 3805 3070 3805 3018 3805 2966 3805 2914 3805 2861 3805 2809 3805 2757 3805 2705 3800 2653 3800 2600 3800 2548 3800 2496 3800 2444 3800 2391 3800 2339 3800 2287 3795 2235 3795 2183 3795 2130 3795 2078 3795 2026 3795 1974 3795 1921 3795 1869 3790 1817 3790 1765 3790 1712 3790 1660 3790 1608 3790 1556 3790 1504 3790 1451 3790 1451 3842 1446 3868 3556 3894 3566 3873 3561 3811 3540 3811"/></Shape>
	    <String CONTENT="de ce chef.............................................................................."
                    HPOS="1446"
                    VPOS="3790"
                    WIDTH="2120"
                    HEIGHT="104"
                    WC="0.9471967481495289"></String>
          </TextLine>

          
          
          <TextLine ID="1efd8e57-d35d-4b65-8277-1d82bcc14361"
                    TAGREFS="LT6926"
                    BASELINE="1367 3908 3570 3939" 
                    HPOS="1357"
                    VPOS="3826"
                    WIDTH="2209"
                    HEIGHT="147">
            <Shape><Polygon POINTS="2825 3847 2773 3847 2720 3847 2668 3847 2616 3847 2564 3847 2512 3847 2459 3847 2407 3847 2355 3847 2303 3847 2250 3847 2198 3847 2146 3847 2094 3847 2041 3847 1989 3847 1937 3847 1885 3847 1833 3847 1780 3847 1728 3847 1676 3847 1624 3847 1571 3847 1519 3847 1467 3847 1457 3826 1363 3826 1363 3905 1357 3941 3556 3973 3566 3936 3566 3858 2830 3847 2825 3847"/></Shape>
	    <String CONTENT="6^o Port des lettres et paquets pour l&#x27;instruction, sauf le port des lettres résultant de l&#x27;application de la loi du"
                    HPOS="1357"
                    VPOS="3826"
                    WIDTH="2209"
                    HEIGHT="147"
                    WC="0.9716611859099619"></String>
          </TextLine>

          
          
          <TextLine ID="7f2f400a-230c-4a34-990f-463c89404ced"
                    TAGREFS="LT6926"
                    BASELINE="1462 3966 3566 4005" 
                    HPOS="1451"
                    VPOS="3910"
                    WIDTH="2110"
                    HEIGHT="125">
            <Shape><Polygon POINTS="3546 3936 3493 3936 3441 3936 3389 3936 3337 3936 3284 3936 3232 3936 3180 3931 3128 3931 3076 3931 3023 3931 2971 3931 2919 3931 2867 3931 2814 3926 2762 3926 2710 3926 2658 3926 2606 3926 2553 3926 2501 3926 2449 3920 2397 3920 2344 3920 2292 3920 2240 3920 2188 3920 2136 3920 2083 3915 2031 3915 1979 3915 1927 3915 1874 3915 1822 3915 1770 3915 1718 3910 1665 3910 1613 3910 1561 3910 1509 3910 1457 3910 1457 3962 1451 3993 3551 4035 3561 4004 3556 3936 3546 3936"/></Shape>
	    <String CONTENT="15 juin 1899............................................................................"
                    HPOS="1451"
                    VPOS="3910"
                    WIDTH="2110"
                    HEIGHT="125"
                    WC="0.927508967361231"></String>
          </TextLine>

          
          
          <TextLine ID="c1915321-c96f-4e80-bad1-ae485bcfc774"
                    TAGREFS="LT6926"
                    BASELINE="1354 4033 3561 4064" 
                    HPOS="1347"
                    VPOS="3962"
                    WIDTH="2209"
                    HEIGHT="125">
            <Shape><Polygon POINTS="1718 3967 1665 3967 1613 3967 1561 3967 1509 3967 1457 3967 1451 3962 1352 3962 1352 4030 1347 4061 3546 4087 3556 4061 3556 3993 1718 3967 1718 3967"/></Shape>
	    <String CONTENT="7^o Frais l&#x27;impression des arrêts, jugements et ordonnances de justice, quand il y a lieu.................."
                    HPOS="1347"
                    VPOS="3962"
                    WIDTH="2209"
                    HEIGHT="125"
                    WC="0.9747080835429105"></String>
          </TextLine>

          
          
          <TextLine ID="32952d06-fb0d-4453-a03a-92d835f8a023"
                    TAGREFS="LT6926"
                    BASELINE="1355 4092 3566 4124" 
                    HPOS="1347"
                    VPOS="4035"
                    WIDTH="2214"
                    HEIGHT="120">
            <Shape><Polygon POINTS="2083 4035 2031 4035 1979 4035 1927 4035 1874 4035 1822 4035 1770 4035 1718 4035 1665 4035 1613 4035 1561 4035 1509 4035 1457 4035 1404 4035 1352 4035 1352 4087 1347 4124 3551 4155 3561 4119 3556 4056 2083 4035 2083 4035"/></Shape>
	    <String CONTENT="8^o Prime de capture des contumax, des déserteurs et des insoumis......................................"
                    HPOS="1347"
                    VPOS="4035"
                    WIDTH="2214"
                    HEIGHT="120"
                    WC="0.9715234689342166"></String>
          </TextLine>

          
          
          <TextLine ID="4d357597-12f7-4369-9ba1-469aab92d013"
                    TAGREFS="LT6926"
                    BASELINE="1347 4158 3567 4190" 
                    HPOS="1336"
                    VPOS="4087"
                    WIDTH="2230"
                    HEIGHT="126">
            <Shape><Polygon POINTS="3535 4119 3483 4119 3431 4119 3378 4119 3326 4119 3274 4119 3222 4119 3170 4114 3117 4114 3065 4114 3013 4114 2961 4114 2908 4114 2856 4114 2804 4108 2752 4108 2700 4108 2647 4108 2595 4108 2543 4108 2491 4108 2438 4103 2386 4103 2334 4103 2282 4103 2230 4103 2177 4103 2125 4103 2073 4098 2021 4098 1968 4098 1916 4098 1864 4098 1812 4098 1759 4098 1707 4093 1655 4093 1603 4093 1551 4093 1498 4093 1446 4093 1394 4093 1389 4087 1342 4087 1342 4155 1336 4176 3556 4213 3566 4187 3561 4119 3535 4114 3535 4119"/></Shape>
	    <String CONTENT="9^o Frais résultant de l&#x27;obtention des extraits du casier judiciaire........................................."
                    HPOS="1336"
                    VPOS="4087"
                    WIDTH="2230"
                    HEIGHT="126"
                    WC="0.9623662514819039"></String>
          </TextLine>

          
          
          <TextLine ID="3823f27a-7dcf-4700-b5a4-518286ca7746"
                    TAGREFS="LT6926"
                    BASELINE="1337 4215 3555 4253" 
                    HPOS="1331"
                    VPOS="4155"
                    WIDTH="2220"
                    HEIGHT="126">
            <Shape><Polygon POINTS="3530 4187 3478 4187 3425 4187 3373 4187 3321 4187 3269 4187 3217 4187 3164 4181 3112 4181 3060 4181 3008 4181 2955 4181 2903 4181 2851 4181 2799 4176 2747 4176 2694 4176 2642 4176 2590 4176 2538 4176 2485 4176 2433 4171 2381 4171 2329 4171 2277 4171 2224 4171 2172 4171 2120 4171 2068 4166 2015 4166 1963 4166 1911 4166 1859 4166 1806 4166 1754 4166 1702 4161 1650 4161 1598 4161 1545 4161 1493 4161 1441 4161 1389 4161 1336 4155 1336 4213 1331 4239 3540 4281 3551 4249 3546 4187 3530 4187"/></Shape>
	    <String CONTENT="10^o Prix du bulletin n^o 1 et du duplicata dudit (décret du 12 décembre 1899, art. 13)....................."
                    HPOS="1331"
                    VPOS="4155"
                    WIDTH="2220"
                    HEIGHT="126"
                    WC="0.9777779055533008"></String>
          </TextLine>

          
          
          <TextLine ID="7e9814c8-81a6-4983-9117-15deeba54274"
                    TAGREFS="LT6926"
                    BASELINE="1327 4275 3563 4312" 
                    HPOS="1321"
                    VPOS="4207"
                    WIDTH="2240"
                    HEIGHT="136">
            <Shape><Polygon POINTS="3519 4249 3467 4249 3415 4249 3363 4249 3311 4249 3258 4249 3206 4244 3154 4244 3102 4244 3049 4244 2997 4244 2945 4244 2893 4239 2841 4239 2788 4239 2736 4239 2684 4239 2632 4239 2579 4234 2527 4234 2475 4234 2423 4234 2371 4234 2318 4234 2266 4228 2214 4228 2162 4228 2109 4228 2057 4228 2005 4228 1953 4223 1900 4223 1848 4223 1796 4223 1744 4223 1692 4223 1639 4218 1587 4218 1535 4218 1483 4218 1430 4218 1378 4218 1373 4207 1326 4207 1326 4270 1321 4296 3551 4343 3561 4307 3556 4249 3519 4244 3519 4249"/></Shape>
	    <String CONTENT="11^o Coût des bulletins n^o 1 et du duplicata de ces bulletins établis par les greffiers des conseils de guerre au sujet"
                    HPOS="1321"
                    VPOS="4207"
                    WIDTH="2240"
                    HEIGHT="136"
                    WC="0.9698360299070676"></String>
          </TextLine>

          
          
          <TextLine ID="53a605a4-a4f8-455e-86f9-909f45c2c352"
                    TAGREFS="LT6926"
                    BASELINE="1472 4340 3773 4381" 
                    HPOS="1462"
                    VPOS="4275"
                    WIDTH="2308"
                    HEIGHT="126">
            <Shape><Polygon POINTS="3556 4307 3546 4307 3493 4312 2987 4301 2982 4301 2929 4301 2914 4296 2731 4296 2720 4296 2668 4296 2616 4296 2585 4291 2480 4291 2459 4291 2407 4291 2355 4291 2303 4291 2256 4286 2224 4286 2198 4286 2146 4286 2094 4286 2041 4286 1989 4286 1937 4281 1885 4281 1833 4281 1780 4281 1728 4281 1676 4281 1624 4275 1571 4275 1519 4275 1467 4275 1467 4338 1462 4359 3760 4401 3770 4380 3760 4286 3556 4301 3556 4307"/></Shape>
	    <String CONTENT="des condamnations prononcées par ces conseils (décret du 12 décembre 1899, art. 13).................... 0.55"
                    HPOS="1462"
                    VPOS="4275"
                    WIDTH="2308"
                    HEIGHT="126"></String>
          </TextLine>

          
          
          <TextLine ID="8cff86dc-211a-4a1a-9600-ce33d2ef7f6b"
                    TAGREFS="LT6926"
                    BASELINE="1327 4403 3736 4440" 
                    HPOS="1321"
                    VPOS="4322"
                    WIDTH="2413"
                    HEIGHT="157">
            <Shape><Polygon POINTS="3728 4380 3676 4380 3624 4380 3572 4380 3519 4380 3467 4375 3415 4375 3363 4375 3311 4375 3258 4375 3206 4375 3154 4369 3102 4369 3049 4369 2997 4369 2945 4369 2893 4364 2841 4364 2788 4364 2736 4364 2684 4364 2632 4364 2579 4359 2527 4359 2475 4359 2423 4359 2371 4359 2318 4354 2266 4354 2214 4354 2162 4354 2109 4354 2057 4354 2005 4348 1953 4348 1900 4348 1848 4348 1796 4348 1744 4343 1692 4343 1639 4343 1587 4343 1535 4343 1483 4343 1467 4322 1326 4322 1326 4401 1321 4427 3723 4479 3734 4437 3728 4380 3728 4380"/></Shape>
	    <String CONTENT="12^o Frais de procédure ou coût du jugement........................................................ 12^f 00"
                    HPOS="1321"
                    VPOS="4322"
                    WIDTH="2413"
                    HEIGHT="157"></String>
          </TextLine>

          
          
          <TextLine ID="4ee73daa-769e-4941-a616-17fb5042e857"
                    TAGREFS="LT6926"
                    BASELINE="1330 4462 3566 4503" 
                    HPOS="1321"
                    VPOS="4406"
                    WIDTH="2240"
                    HEIGHT="125">
            <Shape><Polygon POINTS="3519 4437 3467 4437 3415 4437 3363 4432 3311 4432 3258 4432 3206 4432 3154 4432 3102 4432 3049 4432 2997 4427 2945 4427 2893 4427 2841 4427 2788 4427 2736 4427 2684 4422 2632 4422 2579 4422 2527 4422 2475 4422 2423 4422 2371 4422 2318 4416 2266 4416 2214 4416 2162 4416 2109 4416 2057 4416 2005 4411 1953 4411 1900 4411 1848 4411 1796 4411 1744 4411 1692 4411 1639 4406 1587 4406 1535 4406 1483 4406 1430 4406 1378 4406 1326 4406 1326 4458 1321 4495 3551 4531 3561 4500 3556 4437 3519 4437"/></Shape>
	    <String CONTENT="13^o Amende........................................................................................."
                    HPOS="1321"
                    VPOS="4406"
                    WIDTH="2240"
                    HEIGHT="125"
                    WC="0.9095540215139803"></String>
          </TextLine>

          
          
          <TextLine ID="76914b67-c03e-4850-b5e4-d3dd4b342828"
                    TAGREFS="LT6926"
                    BASELINE="1326 4524 3550 4566" 
                    HPOS="1316"
                    VPOS="4458"
                    WIDTH="2230"
                    HEIGHT="136">
            <Shape><Polygon POINTS="3514 4500 3462 4500 3410 4500 3358 4500 3305 4500 3253 4495 3201 4495 3149 4495 3096 4495 3044 4495 2992 4489 2940 4489 2888 4489 2835 4489 2783 4489 2731 4489 2679 4484 2626 4484 2574 4484 2522 4484 2470 4484 2418 4479 2365 4479 2313 4479 2261 4479 2209 4479 2156 4474 2104 4474 2052 4474 2000 4474 1947 4474 1895 4474 1843 4469 1791 4469 1739 4469 1686 4469 1634 4469 1582 4463 1530 4463 1477 4463 1425 4463 1373 4463 1321 4458 1321 4521 1316 4547 3535 4594 3546 4563 3540 4500 3514 4500"/></Shape>
	    <String CONTENT="14^o Décimes additionnels (en France)..............................................................."
                    HPOS="1316"
                    VPOS="4458"
                    WIDTH="2230"
                    HEIGHT="136"
                    WC="0.9249510427111203"></String>
          </TextLine>

          
          
          <TextLine ID="beacd713-2c94-4cf9-92fd-5dfbcf674ee7"
                    TAGREFS="LT6926"
                    BASELINE="1324 4587 3566 4628" 
                    HPOS="1316"
                    VPOS="4526"
                    WIDTH="2245"
                    HEIGHT="130">
            <Shape><Polygon POINTS="3514 4563 3462 4563 3410 4563 3358 4563 3305 4563 3253 4557 3201 4557 3149 4557 3096 4557 3044 4557 2992 4557 2940 4552 2888 4552 2835 4552 2783 4552 2731 4552 2679 4547 2626 4547 2574 4547 2522 4547 2470 4547 2418 4542 2365 4542 2313 4542 2261 4542 2209 4542 2156 4542 2104 4536 2052 4536 2000 4536 1947 4536 1895 4536 1843 4531 1791 4531 1739 4531 1686 4531 1634 4531 1582 4526 1530 4526 1477 4526 1425 4526 1373 4526 1321 4526 1321 4583 1316 4609 3551 4656 3561 4625 3556 4557 3514 4552 3514 4563"/></Shape>
	    <String CONTENT="15^o Frais fixes de procédure devant la Cour de cassation ou le Conseil de revision..........................."
                    HPOS="1316"
                    VPOS="4526"
                    WIDTH="2245"
                    HEIGHT="130"
                    WC="0.9837641992352225"></String>
          </TextLine>

          
          
          <TextLine ID="416ee819-e2bd-4871-81aa-c3d4b68eb9a7"
                    TAGREFS="LT6926"
                    BASELINE="1327 4650 3555 4693" 
                    HPOS="1321"
                    VPOS="4589"
                    WIDTH="2230"
                    HEIGHT="146">
            <Shape><Polygon POINTS="3519 4625 3467 4625 3415 4625 3363 4625 3311 4625 3258 4620 3206 4620 3154 4620 3102 4620 3049 4620 2997 4615 2945 4615 2893 4615 2841 4615 2788 4615 2736 4615 2684 4609 2632 4609 2579 4609 2527 4609 2475 4609 2423 4604 2371 4604 2318 4604 2266 4604 2214 4604 2162 4604 2109 4599 2057 4599 2005 4599 1953 4599 1900 4599 1848 4594 1796 4594 1744 4594 1692 4594 1639 4594 1587 4589 1535 4589 1483 4589 1430 4589 1378 4589 1326 4589 1326 4646 1321 4703 3540 4735 3551 4688 3546 4625 3519 4625"/></Shape>
	    <String CONTENT="16^o Frais fixes de procédure devant le Conseil de guerre jugeant en 2^e instance............................."
                    HPOS="1321"
                    VPOS="4589"
                    WIDTH="2230"
                    HEIGHT="146"
                    WC="0.9655773433772"></String>
          </TextLine>

          
          
          <TextLine ID="a1007145-3663-44d5-a47f-8e8e230bc763"
                    TAGREFS="LT6926"
                    BASELINE="2124 4782 3772 4819" 
                    HPOS="2115"
                    VPOS="4672"
                    WIDTH="1655"
                    HEIGHT="188">
            <Shape><Polygon POINTS="2120 4777 2115 4834 3760 4860 3770 4818 3765 4703 3551 4698 3546 4698 3540 4698 3530 4698 3389 4740 2888 4730 2846 4693 2830 4683 2825 4683 2820 4683 2814 4683 2809 4683 2804 4683 2794 4693 2767 4714 2700 4693 2632 4677 2626 4677 2621 4677 2532 4693 2449 4709 2423 4693 2391 4672 2386 4672 2381 4672 2376 4672 2371 4672 2303 4693 2235 4709 2120 4693 2120 4777"/></Shape>
	    <String CONTENT="TOTAL.................................................. 12.55"
                    HPOS="2115"
                    VPOS="4672"
                    WIDTH="1655"
                    HEIGHT="188"></String>
          </TextLine>

          
          
          <TextLine ID="d9899649-8396-425b-93f4-3cabdbc642fc"
                    TAGREFS="LT6926"
                    BASELINE="1168 4950 3569 5005 4111 4973" 
                    HPOS="1159"
                    VPOS="4850"
                    WIDTH="2951"
                    HEIGHT="167">
            <Shape><Polygon POINTS="1164 4949 1159 4985 4099 5017 4110 4970 4099 4897 1164 4850 1164 4949"/></Shape>
	    <String CONTENT="Vu le dispositif du jugement définitif, l&#x27;article 139 du Code de justice militaire, le Président du Conseil de guerre"
                    HPOS="1159"
                    VPOS="4850"
                    WIDTH="2951"
                    HEIGHT="167"
                    WC="0.9689549431841598"></String>
          </TextLine>

          
          
          <TextLine ID="411ab5d0-2bca-48e0-ad44-dca1c8c768f2"
                    TAGREFS="LT6926"
                    BASELINE="1108 5025 3654 5076 4146 5037" 
                    HPOS="1101"
                    VPOS="4933"
                    WIDTH="3040"
                    HEIGHT="178">
            <Shape><Polygon POINTS="3817 4991 3770 4991 3718 4996 3666 4996 3613 5001 3561 5001 3509 5001 3457 5001 3405 5001 3352 5001 3300 4996 3248 4996 3196 4996 3143 4996 3091 4996 3039 4991 2987 4991 2935 4991 2882 4991 2830 4985 2778 4985 2726 4985 2673 4985 2621 4985 2569 4980 2517 4980 2465 4980 2412 4980 2360 4975 2308 4975 2256 4975 2203 4975 2151 4975 2099 4970 2047 4970 1994 4970 1942 4970 1890 4970 1838 4965 1786 4965 1733 4965 1681 4965 1629 4959 1577 4959 1524 4959 1472 4959 1420 4959 1368 4954 1316 4954 1263 4954 1211 4954 1159 4949 1154 4933 1107 4933 1107 5022 1101 5064 3514 5111 3519 5111 4136 5090 4141 5032 4130 4980 3843 4985 3817 4991"/></Shape>
	    <String CONTENT="permanent du Q. G. de la 10^e Armée liquide les frais dont l&#x27;état est ci-dessus à la somme de douze francs cinquante"
                    HPOS="1101"
                    VPOS="4933"
                    WIDTH="3040"
                    HEIGHT="178"></String>
          </TextLine>

          
          
          <TextLine ID="429f627c-a653-4ce7-8f2f-9daf198a4652"
                    TAGREFS="LT6926"
                    BASELINE="1124 5095 1571 5093" 
                    HPOS="1122"
                    VPOS="5027"
                    WIDTH="444"
                    HEIGHT="105">
            <Shape><Polygon POINTS="1540 5027 1488 5027 1436 5027 1383 5027 1331 5027 1279 5027 1227 5027 1175 5027 1122 5027 1122 5090 1122 5132 1566 5126 1566 5090 1566 5027 1540 5027"/></Shape>
	    <String CONTENT="cinq centimes"
                    HPOS="1122"
                    VPOS="5027"
                    WIDTH="444"
                    HEIGHT="105"></String>
          </TextLine>

          
          
          <TextLine ID="64097346-60d5-4875-befa-82fdae9f06d0"
                    TAGREFS="LT6926"
                    BASELINE="2229 5116 3598 5152 4103 5123" 
                    HPOS="2219"
                    VPOS="5048"
                    WIDTH="1880"
                    HEIGHT="141">
            <Shape><Polygon POINTS="3687 5058 3634 5058 3582 5064 3530 5069 3478 5069 3425 5069 3373 5069 3321 5069 3269 5069 3217 5069 3164 5064 3112 5064 3060 5064 3008 5064 2955 5064 2903 5058 2851 5058 2799 5058 2747 5058 2694 5058 2642 5053 2590 5053 2538 5053 2485 5053 2433 5053 2381 5048 2329 5048 2277 5048 2224 5048 2224 5111 2219 5142 3499 5189 3504 5189 4094 5168 4099 5121 4089 5058 3734 5053 3687 5058"/></Shape>
	    <String CONTENT="du montant de laquelle il délivre le présent exécutoire, pour le recouvrement de"
                    HPOS="2219"
                    VPOS="5048"
                    WIDTH="1880"
                    HEIGHT="141"
                    WC="0.9890757612884045"></String>
          </TextLine>

          
          
          <TextLine ID="985f9736-a65e-4cc7-a608-2490de76b3f4"
                    TAGREFS="LT6926"
                    BASELINE="1114 5175 3673 5226 4029 5200" 
                    HPOS="1107"
                    VPOS="5090"
                    WIDTH="2919"
                    HEIGHT="151">
            <Shape><Polygon POINTS="3984 5132 3932 5132 3880 5137 3828 5137 3775 5142 3723 5142 3671 5147 3619 5147 3566 5147 3514 5147 3462 5147 3410 5147 3358 5142 3305 5142 3253 5142 3201 5142 3149 5137 3096 5137 3044 5137 2992 5132 2940 5132 2888 5132 2835 5132 2783 5126 2731 5126 2679 5126 2626 5126 2574 5121 2522 5121 2470 5121 2418 5116 2365 5116 2313 5116 2261 5116 2250 5105 1472 5095 1425 5095 1373 5095 1321 5095 1269 5095 1216 5095 1164 5095 1159 5090 1112 5090 1112 5173 1107 5199 4016 5241 4026 5199 4016 5132 3984 5126 3984 5132"/></Shape>
	    <String CONTENT="ladite somme être poursuivi sur les biens présents et à venir du condamné, par les percepteurs des Contributions directes."
                    HPOS="1107"
                    VPOS="5090"
                    WIDTH="2919"
                    HEIGHT="151"></String>
          </TextLine>

          
          
          <TextLine ID="debec1bb-84e9-4340-a8ec-079171c7eeb3"
                    TAGREFS="LT6926"
                    BASELINE="1171 5248 2955 5294 3506 5307 4092 5270" 
                    HPOS="1164"
                    VPOS="5179"
                    WIDTH="2925"
                    HEIGHT="141">
            <Shape><Polygon POINTS="3723 5220 3707 5220 3530 5226 2882 5210 2841 5210 2825 5205 2668 5205 2632 5205 2579 5205 2548 5199 2454 5199 2423 5199 2371 5199 2318 5199 2266 5199 2214 5194 2162 5194 2109 5194 2057 5194 2005 5194 1953 5189 1900 5189 1848 5189 1796 5189 1744 5189 1692 5189 1639 5184 1587 5184 1535 5184 1483 5184 1430 5184 1378 5179 1326 5179 1274 5179 1222 5179 1169 5179 1169 5246 1164 5273 4078 5320 4089 5267 4073 5210 3723 5215 3723 5220"/></Shape>
	    <String CONTENT="En conséquence, LE PRÉSIDENT DE LA RÉPUBLIQUE MANDE UT ORDONNE à tous huissiers sur ce requis de mettre ledit jugement à"
                    HPOS="1164"
                    VPOS="5179"
                    WIDTH="2925"
                    HEIGHT="141"></String>
          </TextLine>

          
          
          <TextLine ID="9c4c1058-3c7f-43d1-a29c-078bc2158779"
                    TAGREFS="LT6926"
                    BASELINE="1110 5317 3620 5378 4104 5342" 
                    HPOS="1101"
                    VPOS="5241"
                    WIDTH="2998"
                    HEIGHT="157">
            <Shape><Polygon POINTS="2099 5257 2094 5252 1770 5252 1733 5252 1681 5252 1629 5252 1577 5252 1524 5252 1472 5252 1420 5252 1368 5252 1316 5252 1263 5252 1211 5252 1201 5241 1107 5241 1107 5314 1101 5356 4089 5398 4099 5340 4094 5288 2099 5257 2099 5257"/></Shape>
	    <String CONTENT="exécution; aux Procureurs généraux et aux Procureurs de la République près les tribunaux de première instance d&#x27;y tenir la"
                    HPOS="1101"
                    VPOS="5241"
                    WIDTH="2998"
                    HEIGHT="157"></String>
          </TextLine>

          
          
          <TextLine ID="551a6e39-8c56-4d39-bbae-8f9930542cfe"
                    TAGREFS="LT6926"
                    BASELINE="1107 5394 3242 5448 3824 5440" 
                    HPOS="1096"
                    VPOS="5320"
                    WIDTH="2726"
                    HEIGHT="167">
            <Shape><Polygon POINTS="1101 5393 1096 5414 3812 5487 3822 5434 3812 5361 1101 5320 1101 5393"/></Shape>
	    <String CONTENT="main; à tous commandants et officiers de la fores publique de prêter main-forte lorsqu&#x27;ils en seront légalement requis."
                    HPOS="1096"
                    VPOS="5320"
                    WIDTH="2726"
                    HEIGHT="167"></String>
          </TextLine>

          
          
          <TextLine ID="eSc_line_739d44d5"
                    TAGREFS="LT6926"
                    BASELINE="1175 5465 3466 5519" 
                    HPOS="1164"
                    VPOS="5398"
                    WIDTH="2298"
                    HEIGHT="162">
            <Shape><Polygon POINTS="3363 5513 3311 5502 3258 5502 3206 5502 3154 5502 3112 5424 1671 5398 1639 5398 1587 5398 1535 5398 1483 5398 1430 5398 1378 5398 1326 5398 1274 5398 1222 5398 1169 5398 1169 5460 1164 5507 3452 5560 3462 5518 3441 5513 3415 5513"/></Shape>
	    <String CONTENT="Fait en la Chambre du Conseil de guerre susdit, à Clermont (Oise), le 3 mai 1916"
                    HPOS="1164"
                    VPOS="5398"
                    WIDTH="2298"
                    HEIGHT="162"></String>
          </TextLine>

          
        </TextBlock>
        
        <TextBlock HPOS="1189.0"
                   VPOS="5398.0"
                   WIDTH="1708.0"
                   HEIGHT="638.0"
                   ID="e3aa7400-3513-4da2-b5a1-704ed1ee2f3c"
                   TAGREFS="BT21630">
          <Shape><Polygon POINTS="1189 5398 2897 5398 2897 6036 1189 6036 1189 5398"/></Shape>
          
          
          <TextLine ID="99b44972-83c0-4743-9ef1-6d8a0da8baf0"
                    TAGREFS="LT6926"
                    BASELINE="1333 5575 2567 5593" 
                    HPOS="1326"
                    VPOS="5481"
                    WIDTH="1238"
                    HEIGHT="167">
            <Shape><Polygon POINTS="2532 5497 2480 5497 2428 5497 2376 5492 2324 5492 2271 5492 2219 5492 2167 5487 2115 5487 2062 5487 2010 5487 1984 5481 1331 5481 1331 5570 1326 5612 1363 5633 1368 5633 1373 5633 1378 5633 1530 5612 1561 5607 1577 5612 1634 5638 1639 5638 1645 5638 1791 5622 1864 5612 1880 5622 1895 5638 1900 5638 1906 5638 1911 5638 2041 5633 2250 5617 2553 5648 2564 5591 2559 5497 2532 5497"/></Shape>
	    <String CONTENT="Peine comptant du 16 avril 1916"
                    HPOS="1326"
                    VPOS="5481"
                    WIDTH="1238"
                    HEIGHT="167"></String>
          </TextLine>

          
          
          <TextLine ID="9ee97f31-5aa9-4618-ab4b-83ca4e463a85"
                    TAGREFS="LT6926"
                    BASELINE="1966 5687 2329 5692" 
                    HPOS="1958"
                    VPOS="5586"
                    WIDTH="366"
                    HEIGHT="156">
            <Shape><Polygon POINTS="2277 5591 2266 5586 1963 5586 1963 5685 1958 5722 2313 5742 2324 5690 2318 5591 2277 5591"/></Shape>
	    <String CONTENT="Le Greffier"
                    HPOS="1958"
                    VPOS="5586"
                    WIDTH="366"
                    HEIGHT="156"></String>
          </TextLine>

          
          
          <TextLine ID="eSc_line_b23b5997"
                    TAGREFS="LT8440"
                    BASELINE="1853 5915 2408 5775" 
                    HPOS="1817.0"
                    VPOS="5706.0"
                    WIDTH="606.0"
                    HEIGHT="266.0">
            <Shape><Polygon POINTS="1848 5909 1853 5951 1947 5972 1953 5972 1958 5972 1963 5972 1963 5967 2010 5930 2026 5915 2068 5920 2088 5920 2094 5920 2099 5920 2104 5920 2109 5915 2151 5878 2423 5862 2407 5774 2386 5706 1817 5784 1848 5909"/></Shape>
	    <String CONTENT="+"
                    HPOS="1817.0"
                    VPOS="5706.0"
                    WIDTH="606.0"
                    HEIGHT="266.0"></String>
          </TextLine>

          
        </TextBlock>
        
        <TextBlock HPOS="1115.0"
                   VPOS="5703.0"
                   WIDTH="854.0"
                   HEIGHT="129.0"
                   ID="ee96210d-b1ed-4959-8b70-ea6667f8a165"
                   TAGREFS="BT21627">
          <Shape><Polygon POINTS="1115 5703 1969 5703 1969 5832 1115 5832 1115 5703"/></Shape>
          
          
          <TextLine ID="fe6fe96a-8fdd-48bf-99cc-70683d1adb19"
                    TAGREFS="LT6926"
                    BASELINE="1170 5743 1946 5756" 
                    HPOS="1164"
                    VPOS="5706"
                    WIDTH="778"
                    HEIGHT="78">
            <Shape><Polygon POINTS="1900 5706 1848 5706 1796 5706 1744 5706 1692 5706 1639 5706 1587 5706 1535 5706 1483 5706 1430 5706 1378 5706 1326 5706 1274 5706 1222 5706 1169 5706 1169 5742 1164 5774 1932 5784 1942 5753 1942 5706 1900 5706"/></Shape>
	    <String CONTENT="1 En France, en Algérie et en Tunisie."
                    HPOS="1164"
                    VPOS="5706"
                    WIDTH="778"
                    HEIGHT="78"></String>
          </TextLine>

          
          
          <TextLine ID="972b87ed-7da9-411c-ae0b-6089fa6bbd4d"
                    TAGREFS="LT6926"
                    BASELINE="1150 5812 1761 5815" 
                    HPOS="1148"
                    VPOS="5737"
                    WIDTH="611"
                    HEIGHT="125">
            <Shape><Polygon POINTS="1723 5753 1671 5753 1618 5753 1566 5753 1514 5748 1462 5748 1410 5748 1357 5748 1305 5748 1253 5748 1201 5748 1185 5737 1148 5737 1148 5810 1148 5862 1759 5862 1759 5810 1759 5753 1723 5753"/></Shape>
	    <String CONTENT="(2 Aux colonies et aux armées."
                    HPOS="1148"
                    VPOS="5737"
                    WIDTH="611"
                    HEIGHT="125"></String>
          </TextLine>

          
        </TextBlock>
        
        <TextBlock HPOS="3026.0"
                   VPOS="5598.0"
                   WIDTH="845.0"
                   HEIGHT="470.0"
                   ID="b45b48f8-7261-46b8-bc93-2598bf6a1eab"
                   TAGREFS="BT21629">
          <Shape><Polygon POINTS="3026 5598 3871 5598 3871 6068 3026 6068 3026 5598"/></Shape>
          
          
          <TextLine ID="d77b5ded-1227-4733-8035-856cac317452"
                    TAGREFS="LT6926"
                    BASELINE="3060 5656 3351 5659" 
                    HPOS="3055"
                    VPOS="5601"
                    WIDTH="292"
                    HEIGHT="105">
            <Shape><Polygon POINTS="3316 5601 3264 5601 3211 5601 3159 5601 3107 5601 3055 5601 3055 5654 3055 5695 3342 5706 3347 5654 3347 5601 3316 5601"/></Shape>
	    <String CONTENT="Le Président,"
                    HPOS="3055"
                    VPOS="5601"
                    WIDTH="292"
                    HEIGHT="105"></String>
          </TextLine>

          
          
          <TextLine ID="eSc_line_42164235"
                    TAGREFS="LT8440"
                    BASELINE="3237 5988 3774 5793" 
                    HPOS="3185.0"
                    VPOS="5633.0"
                    WIDTH="690.0"
                    HEIGHT="553.0">
            <Shape><Polygon POINTS="3232 5983 3300 6186 3540 6150 3577 6150 3718 6160 3723 6160 3728 6160 3875 6103 3770 5789 3702 5633 3587 5716 3499 5727 3326 5748 3321 5748 3316 5748 3185 5857 3232 5983"/></Shape>
	    <String CONTENT="+"
                    HPOS="3185.0"
                    VPOS="5633.0"
                    WIDTH="690.0"
                    HEIGHT="553.0"
                    WC="0.9864187836647034"></String>
          </TextLine>

          
        </TextBlock>
        

        
      </PrintSpace>
    </Page>
  </Layout>
</alto>
