4257 6265
1138 302 3098 167 Enjoint au Commissaire du Gouvernement de faire donner immédiatement en sa présence lecture du présent jugement a l'acquité

1645 428 997 104 devant la garde rassemblée sous les armes,

1070 480 3061 162 de avertir que la loi accorde un délai de trois jours francs pour se pourvoir en cassation (1), ou de vingt-quatre heures

1076 584 736 126 pour se pourvoir en revision (2)

1143 673 2565 188 Fait, clos et jugé sans désemparer, en séance publique, à St Pol, les jour, mois et an que dessus.

1138 850 3004 147 En conséquence, LE PRÉSIDENT DE LA RÉPUBLIQUE MANDE et ORDONNE à tous huissiers sur ce requis de mettre ledit jugement à

1070 955 3061 115 exécution; aux Procureurs généraux et aux Procureurs de la République près les tribunaux de première instance d'y tenir la

1065 1023 2758 141 main; à tous commandants et officiers de la force publique de prêter main-forte lorsqu'ils en seront légalement requis.

1143 1132 2132 167 En foi de quoi le présent jugement a été signé par les Membres du Conseil et par le Greffier.

1123.0 1263.0 501.0 365.0 +

1718.0 1310.0 407.0 292.0 +

3092 1373 867 334 +

3828.0 1393.0 423.0 361.0 +

1890.0 1420.0 549.0 475.0 +

908.0 1655.0 408.0 308.0 +

2371.0 1519.0 637.0 381.0 +

1143 1916 2988 114 L'an mil neuf cent seize le douze février le présent jugement à été lu par nous, Greffier soussigné, a l'acquitté

2193 1989 1933 125 averti par le Commissaire du Gouvernement que l'article 44 de la loi du 17 avril

1081 2072 2752 115 1906 accorde trois jours pour se pourvoir en cassation (1), ou que les articles 141 et 143 du Code de justice militaire

1076 2140 2935 131 accordent vingt-quatre heures pour se pourvoir en revision (2), lesquels commencent à courir de l'expiration du présent jour.

4032 2135 99 203 Cette

1086 2218 1447 115 lecture faite en présence de la garde rassemblée sous les armes.

1749 2328 799 125 Le Commissaire du Gouvernement,

3280 2328 250 141 Le Greffier,

3102.0 2375.0 930.0 193.0 approuvant une signature rayée nulle

1854 2432 585 209 +

3118.0 2500.0 339.0 334.0 +

2298.0 2824.0 627.0 167.0 EXÉCUTOIRE.

1138 3038 2972 292 Vu la procédure instruite contre le s/Lt à titre temporaire Mary Emile Alexandre

1076 3242 903 141 et les frais d'icelle dont le détail suit:

1331 3320 2220 146 1^o Coût du transport des pièces et objets pouvant servie à conviction ou à décharge................. ......

1331 3435 2220 115 2^o Honoraires des officiers de santé, médecins, chirurgiens civils, sages-femmes, experts, interprètes, traducteurs et

1425 3497 2126 110 autres, appelés en justice.................................................................

1326 3539 2225 120 3^o Indemnités accordées aux témoins civils et militaires..............................................

1331 3623 2220 94 4^o Frais de garde de scellés et ceux de mise en fourrière.............................................

1321 3675 2230 115 5^o Indemnités de route, de transport et de séjour, accordées aux membres des tribunaux militaires pour les dépla-

1420 3748 2131 104 cements auxquels l'instruction des procédures peut donner lieu, ainsi que toutes autres dépenses nécessitées

1425 3805 2132 105 de ce chef..............................................................................

1337 3863 2220 120 6^o Port des lettres et paquets pour l'instruction, sauf le port des lettres résultant de l'application de la loi du

1425 3931 2126 109 15 juin 1899............................................................................

1326 3988 2231 115 7^o Frais l'impression des arrêts, jugements et ordonnances de justice, quand il y a lieu..................

1326 4061 2231 94 8^o Prime de capture des contumax, des déserteurs et des insoumis......................................

1321 4114 2236 114 9^o Frais résultant de l'obtention des extraits du casier judiciaire.........................................

1311 4176 2246 110 10^o Prix du bulletin n^o 1 et du duplicata dudit (décret du 12 décembre 1899, art. 13).....................

1305 4244 2252 99 11^o Coût des bulletins n^o 1 et du duplicata de ces bulletins établis par les greffiers des conseils de guerre au sujet

1452 4296 2099 115 des condamnations prononcées par ces conseils (décret du 12 décembre 1899, art. 13)....................

1305 4359 2424 110 12^o Frais de procédure ou coût du jugement........................................................ 12^f 00

1295 4416 2267 115 13^o Amende.........................................................................................

1295 4484 2256 120 14^o Décimes additionnels (en France)...............................................................

1305 4552 2246 110 15^o Frais fixes de procédure devant la Cour de cassation ou le Conseil de revision...........................

1295 4604 2251 120 16^o Frais fixes de procédure devant le Conseil de guerre jugeant en 2^e instance.............................

2115 4724 1431 152 TOTAL..................................................

1143 4865 2988 173 Vu le dispositif du jugement définitif, l'article 139 du Code de justice militaire, le Président du Conseil de guerre

1076 4980 2240 131 permanent de la - liquide les frais dont l'état est ci-dessus à la somme de

2219 5048 1907 136 du montant de laquelle il délivre le présent exécutoire, pour le recouvrement de

1076 5116 2972 136 ladite somme être poursuivi sur les biens présents et à venir d condamné, par les percepteurs des Contributions directes.

1143 5199 2978 126 En conséquence, LE PRÉSIDENT DE LA RÉPUBLIQUE MANDE ET ORDONNE a tous huissiers sur ce requis de mettre ledit jugement à

1070 5273 3045 161 exécution; aux Procureurs généraux et aux Procureurs de la République près les tribunaux de première instance d'y tenir la

1065 5351 2758 146 main; à tous commandants et officiers de la force publique de prêter main-forte lorsqu'ils en seront légalement requis.

1138 5424 1682 146 Fait en la Chambre du Conseil de guerre susdit, à St Pol

767 5507 1677 136 Le présent jugement a commencé à recevoir son

2945 5440 821 177 , le 12 février 1916

767 5596 1541 120 exécution le douze février mil neuf cent seize

778 5680 1013 94 pour compter du même jour

1619 5784 538 246 +

1149 5763 773 53 1 En France, en Algérie et en Tunisie.

1661 5769 412 130 Le Greffier

1123 5774 605 120 (2 Au colonies et aux armées.

3045 5601 297 115 Le Président,

3196.0 5601.0 575.0 340.0 +
