4248 6265
794 793 313 99 un mot rayé

815.0 850.0 203.0 94.0 nul

773 892 371 131 Renvoi approuvé

773.0 965.0 381.0 277.0 +

1206 281 2937 194 La séance ayant été ouverte, le Président a fait apporter et déposer devant lui, sur le bureau, un exemplaire du Code du justice

1149 412 3004 141 militaire, du Code d'instruction criminelle et du code pénal ordinaire, et ordonné à la garde d'amener les accusés, qui ont

1144 485 3004 141 été introduit, libres et sans fers, devant le Conseil, accompagné de leur défenseur, le soldat Paul Morthier, secrétaire

1149 569 1609 177 à l'Etat Major de la D. E. S. de l'armée de Noailles,

1212 882 2581 240 Interrogé de leur nom, prénoms, âge, lieu de naissance, état profession et domicile

1384 986 2837 204 répondu se nommer Boutolleau François André âgé de trente sept ans, né à A

1201 1085 2999 173 + arrondissement de la Roche s/ Yon, Célibataire, profession de Boulanger, domicilié

1212 1159 2988 198 à l'Ile d'Yeu (arrond^t des Sables d'Olonne) actuellement soldat à la 23^e Section de C.O.A

1191 1232 1938 240 affecté à la Boulangerie de campagne de Rochy-Condé

1614 1331 2555 203 Martin François âgé de trente deux ans, né à Botmeur arrondissement

1238 1425 2942 209 de Chateaudin, Marié, deux enfants, profession de boulanger, résidant à Plougonven arr

1243 1519 2926 177 de Morlaix, actuellement soldat à la 23^e Section de C. O. A affecté à la Boulangerie de

1274 1623 894 199 campagne du Rochy Condé

1222 1936 2926 141 Le Président, après avoir fait lire par le greffier l'ordre de convocation, le rapport prescrit par l'article 108 du Code de justice

1159 2020 2921 146 militaire, et les pièces dont la lecture lui a paru nécessaire, a fait connaître a l'accusé les faits à raison desquels il sont

1159 2093 2603 141 poursuivis, et leur a donné, ainsi qu'au défenseur, l'avertissement indiqué en l'article 121 dudit Code;

1227 2187 1291 131 Après quoi, il a procédé à l'interrogatoire des accusés

2549 2166 1610 125 et a fait entendre publiquement et séparément les témoins à charge (1)

1719 2255 2429 130 ; lesdits témoins ayant au préalable prêté serment de parler sans haine et sans crainte, juré de dire toute la

1175 2349 596 130 vérité et rien que la vérité,

1238.0 2579.0 2915.0 146.0 Et le Président ayant, en outre, rempli à leur égard les formalités prescrites par les articles 317 et 319 du Code d'instruction

1218.0 2676.0 181.0 111.0 criminelle;

1229.0 2760.0 52.0 104.0 (2)

1227 3263 2906 156 Ouï M. le Commissaire du Gouvernement en ses réquisitions tendant à ce que (3) les sus nommés soient

1233 3362 2962 151 déclarés coupables des faits relevés contre eux dans l'ordre de mise en jugement

1233 3445 2947 188 et à ce qu'il leur soit fait application de l'article 271 du Code de Justice Militaire

1201 3555 1662 209 et 1^er de la Loi du 23 Janvier 1873

1159 3816 2989 162 et aux accusés dans leurs moyens de défense, tant par eux que par leur défenseur, lesquels ont

1170 3915 2983 152 déclaré n'avoir rien à ajouter à leurs moyens de défense, et ont eu la parole les derniers, le Président a déclaré les débats terminés,

1175 4004 1500 157 et il a ordonné au défenseur et aux accusés de se retirer.

1243 4197 1411 178 Les accusés ont été reconduits par l'escorte à la prison

2685 4218 1458 162 le Commissaire du Gouvernement, le Greffier et les assistants dans

1180 4322 1296 126 l'auditoire se sont retirés sur l'invitation du Président (4);

1243 4395 2910 110 Le Conseil délibérant à huis clos, le Président a posé les questions, conformément à l'article 132 du Code de justice

1175 4469 2994 167 militaire, ainsi qu'il suit: 1^ère Question. Le soldat Boutolleau Franç̧ois de la 23^e Section

1196 4521 2973 162 de C.O.A. affecté à la Boulangerie de campagne de Rochy Condé est il coupable

1191 4615 2952 167 d'avoir le 13 Mars 1916, à Roch Condé, été trouvé en état d'ivresse manifeste et

1212 4714 1677 130 publique dans une rue de cette localité?

1781 4761 2393 219 2^e question.- Le soldat Martin Franç̧ois, de la même

1191 4891 2994 157 formation, est il coupable d'avoir, dans les mêmes circonstances de temps et de lui

1175 4959 2989 204 été trouvé en état d'ivresse manifeste et publique, dans une rue de Rochy Condé

1243 5273 585 57 (1) Et à décharge (s'il y en a).

1238 5273 2905 151 (2) Indiquer si des témoins ont été entendus sans prestation de serment, et pour quel motif ; dire que les pièces de conviction, s'il y en a, ont été représentées.

1191 5340 2978 120 Indiquer, en outre, ses incidents qui ont pu ce produire, en ayant soin de préciser à quel moment du débat ils ont en lieu, ses conclusions des parties, les

1196 5424 2968 125 réquisitions du ministère public, les moyens de défense présentés par l'accusé, et enfin le jugement motivé du Conseil. Dans le cas où le blanc laisse ici ne suf-

1191 5487 2962 109 firait pas pour insérer toutes ces mentions, on devra indiquer l'incident et le moment du débat il s'est produit, en ajoutant qu'il y a été statué par jugement

1186 5534 2983 135 séparé, lequel est joint et annexé au présent, et alors le jugement séparé doit indiquer la publicité de l'audience, se terminer par la même formule et être signé

1201 5612 2963 141 de la même manière que le jugement principal, en mentionnant qu'il y sera annexé comme en taisant partie. En cas de suspension d'audience et de remise au

1196 5669 1923 131 lendemain, la mention qui constate cette remise est signée par le Président et le Greffier seulement.

1248 5732 2629 125 (3) Indiquer si les réquisitions tendent à la déclaration de culpabilité et, dans ce cas, les articles de loi dont l'application est demandée.

1243 5795 2252 135 (4) S'il y a une chambre des délibérations, on mettra que le Tribunal s'est retiré dans la chambre des délibérations.

1436 5909 1484 121 Conseil de guerre. - N^o 967 de la Nomenclature générale. - Formule n^o 16.
