4209 6265
1148 360 2867 167 Enjoint au Commissaire du Gouvernement de faire donner immédiatement en sa présence lecture du présent jugement aux

1138 448 1509 162 condamnés devant la garde rassemblée sous les armes,

1101 485 2998 188 de avertir que la loi accorde un délai de trois jours francs pour se pourvoir en cassation (1), ou de vingt-quatre heures

1101 626 726 141 pour se pourvoir en revision (2).

1164 704 2564 214 Fait, clos et jugé sans désemparer, en séance publique, à S^t Pol, les jour, mois et an que dessus.

1164 871 2935 178 En conséquence, LE PRÉSIDENT DE LA RÉPUBLIQUE MANDE et ORDONNE à tous huissiers sur ce requis de mettre ledit jugement à

1096 976 3003 156 exécution; aux Procureurs généraux et aux Procureurs de la République près les tribunaux de première instance d'y tenir la

1107 1049 2736 167 main; à tous commandants et officiers de la force publique de prêter main-forte lorsqu'ils en seront légalement requis.

1064 1164 2231 193 En foi de quoi le présent jugement a été signé par les Membres du Conseil et par le Greffier.

3723 1253 444 140 +

1080 1440 439 335 +

1561 1393 637 502 +

2370 1258 836 511 +

3054.0 1315.0 768.0 460.0 +

3697.0 1456.0 418.0 334.0 +

1174 1963 2914 125 L'an mil neuf cent seize, le neuf mars le présent jugement à été lu par nous, Greffier soussigné, aux condamnés

2214 2015 1864 130 averti par le Commissaire du Gouvernement que l'article 44 de la loi du 17 avril

1122 2088 2737 146 1906 accorde trois jours pour se pourvoir en cassation (1), ou que les articles 141 et 143 du Code de justice militaire

1122 2166 2867 141 accordent vingt-quatre heures pour se pourvoir en revision (2), lesquels commencent à courir de l'expiration du présent jour.

4021 2171 88 147 Cette

1122 2255 1447 141 lecture faite en présence de la garde rassemblée sous les armes.

1775 2375 799 141 Le Commissaire du Gouvernement,

1859.0 2453.0 741.0 324.0 +

3295 2365 256 114 Le Greffier,

3175.0 2448.0 746.0 298.0 +

2304 2888 655 112 EXÉCUTOIRE.

1190 3038 3019 313 Vu la procédure instruite contre les chasseurs Layes (Jacques) et Layes (Prosper Zéphirin)

1122 3278 888 157 et les frais d'icelle dont le détail suit:

1383 3383 2204 141 1^o Coût du transport des pièces et objets pouvant servie à conviction ou à décharge................. ......

1378 3471 2220 126 2^o Honoraires des officiers de santé, médecins, chirurgiens civils, sages-femmes, experts, interprètes, traducteurs et

1462 3544 2130 100 autres, appelés en justice.................................................................

1378 3597 2214 109 3^o Indemnités accordées aux témoins civils et militaires..............................................

1389 3659 2209 110 4^o Frais de garde de scellés et ceux de mise en fourrière.............................................

1378 3722 2209 115 5^o Indemnités de route, de transport et de séjour, accordées aux membres des tribunaux militaires pour les dépla-

1472 3785 2126 120 cements auxquels l'instruction des procédures peut donner lieu, ainsi que toutes autres dépenses nécessitées

1483 3847 2109 105 de ce chef..............................................................................

1394 3905 2204 130 6^o Port des lettres et paquets pour l'instruction, sauf le port des lettres résultant de l'application de la loi du

1493 3978 2105 104 15 juin 1899............................................................................

1383 4040 2215 100 7^o Frais l'impression des arrêts, jugements et ordonnances de justice, quand il y a lieu..................

1389 4098 2214 99 8^o Prime de capture des contumax, des déserteurs et des insoumis......................................

1389 4145 2397 130 9^o Frais résultant de l'obtention des extraits du casier judiciaire......................................... 0.50

1378 4218 2225 110 10^o Prix du bulletin n^o 1 et du duplicata dudit (décret du 12 décembre 1899, art. 13).....................

1378 4270 2240 136 11^o Coût des bulletins n^o 1 et du duplicata de ces bulletins établis par les greffiers des conseils de guerre au sujet

1503 4333 2288 115 des condamnations prononcées par ces conseils (décret du 12 décembre 1899, art. 13).................... 0.80

1368 4401 2407 125 12^o Frais de procédure ou coût du jugement........................................................ 24.00

1368 4469 2245 120 13^o Amende.........................................................................................

1373 4536 2240 110 14^o Décimes additionnels (en France)...............................................................

1362 4599 2246 104 15^o Frais fixes de procédure devant la Cour de cassation ou le Conseil de revision...........................

1368 4667 2240 99 16^o Frais fixes de procédure devant le Conseil de guerre jugeant en 2^e instance.............................

2172 4735 1650 198 TOTAL.................................................. 25,30

1237 4907 2883 167 Vu le dispositif du jugement définitif, l'article 139 du Code de justice militaire, le Président du - Conseil de guerre

1169 5022 345 130 permament de la

1169 5090 2961 115 trente centimes - du montant de laquelle il délivre le présent exécutoire, pour le recouvrement de

1530 5012 2579 140 du G. G. 10^e Armée liquide les fraie dont l'état est ci-dessus à la somme de vingt-cinq francs

1169 5173 2878 115 ladite somme être poursuivi sur les biens présents et à venir des condamnés, par les percepteurs des Contributions directes.

1232 5236 2888 141 En conséquence, LE PRÉSIDENT DE LA RÉPUBLIQUE MANDE ET ORDONNE a tous huissiers sur ce requis de mettre ledit jugement à

1159 5314 2966 110 exécution; aux Procureurs généraux et aux Procureurs de la République près les tribunaux de première instance d'y tenir la

1180 5398 2705 130 main; à tous commandants et officiers de la force publique de prêter main-forte lorsqu'ils en seront légalement requis.

1180 5481 1540 131 Fait en la Chambre du Conseil de guerre susdit, à S^t Pol

2997 5492 689 156 , le 9 mars 1916

1352 5581 1159 130 Peine comptant du 8 février 1916

2099 5659 339 188 Le Greffier

1973 5758 674 491 +

1232 5784 778 94 1 En France, en Algérie et en Tunisie.

1211 5821 611 125 2. Aux colonies et aux armées.

3117 5643 321 131 Le Président,

3070.0 5711.0 590.0 522.0 +
