4248 6265
1254 281 2946 162 La séance ayant été ouverte, le Président a fait apporter et déposer devant lui, sur le bureau, un exemplaire du Code du justice

1180 386 2953 130 militaire, du Code d'instruction criminelle et du code pénal ordinaire, et ordonné à la garde d'amener l'accusé, qui a

1180 459 2984 151 été introduit, libre et sans fers, devant le Conseil, accompagné de son défenseur M^e Gilles avocat

1206 548 1693 151 à Beauvais (oise) choisi par l'accusé

1248 918 2566 141 Interrogé de ses nom  prénoms, âge, lieu de naissance, état profession et domicile

1421 1023 2738 120 répondu se nommer Delebecque Fernand âgé de trente et un ans, né a

1233 1101 2889 131 Marquillies, Marié - Deux enfants, profession d'employé de chemins de fer

1222 1185 2921 172 du Nord, domicilié à Billy Montigny arrondissement de Béthune

1217 1874 2942 177 Le Président, après avoir fait lire par le greffier de convocation, le rapport prescrit par l'article 108 du Code de justice

1154 1978 2926 131 militaire, et les pièces dont la lecture lui a paru nécessaire, a fait connaître a l'accusé les faits à raison desquels il est

1149 2072 2602 120 poursuivi, et lui a donné, ainsi qu'au défenseur, l'avertissement indiqué en l'article 121 dudit Code;

1222 2145 1265 105 Après quoi, il a procédé à l'interrogatoire de l'accusé

2549 2150 1604 126 et a fait entendre publiquement et séparément les témoins à charge (1)

1703 2213 2440 157 ; lesdits témoins ayant au préalable prêté serment de parler sans haine et sans crainte, juré de dire tout la

1149 2281 622 141 vérité et rien que la vérité;

1196 2511 2952 203 Et le Président ayant, en outre, rempli à leur égard les formalités prescrites par les articles 317 et 319 du Code d'instruction

1159 2615 246 120 criminelle;

1206 2693 68 141 (2)

1201 3210 2811 178 Ouï M. le Commissaire du Gouvernement en ses réquisitions tendant à ce que (3) le susnommé soit

1206 3336 2827 172 déclaré coupable de Blessures involontaires par imprudence

1191 3435 2900 198 et qu'il lui soit fait application des articles 320 du Code Pénal et 267 du Code

1186 3534 627 172 de Justice Militaire

1123 3769 3004 162 et l'accusé dans ses moyens de défense, tant par lui que par son défenseur, lesquels est

1123 3884 3015 141 déclaré n'avoir rien à ajouter à leurs moyens de défense, et ont eu la parole les derniers, le Président a déclaré les débats terminés.

1128 3952 345 130 et il a ordonné

1478 3957 476 146 au défenseur et

1980 3962 616 131 a l'accusé de se retirer.

1175 4181 1427 162 L'accusé été reconduit par l'escorte à la prison

2633 4213 1473 162 le Commissaire du Gouvernement, le Greffier et les assistants dans

1133 4270 1296 136 l'auditoire se sont retirés sur l'invitation du Président (4);

1180 4354 2947 162 Le Conseil délibérant à huis clos, le Président a posé la question, conformément à l'article 132 du Code de justice

1118 4432 3041 157 militaire, ainsi qu'il suit: Le réserviste Delebecque (Fernand) home d'équipe de 1^ère classe

1144 4510 3015 157 de la Compagnie des Chemins de fer du nord, est il coupable d'avoir, le 3 Mai 1915

1139 4599 3035 146 a la gare de Doullens, par imprudence, involontairement occasionné des blessures

1149 4698 2999 199 sur la personne du soldat Vaillant, de la 25^e Compagnie du 5^e Régiment du

1165 4797 334 162 Génie?

1170 5220 611 58 1) Et à décharge (s'il y en a).

1186 5220 2910 188 (2) Indiquer si des témoins ont été entendus sans prestation de serment, et pour quel motif ; dire que les pièces de conviction, s'il y en a, ont été représentées.

1139.0 5288.0 2967.0 183.0 Indiquer, en outre, ses incidents qui ont pu ce produire, en ayant soin de préciser à quel moment du débat ils ont en lieu, ses conclusions des parties, les

1133 5356 2963 172 réquisitions du ministère public, les moyens de défense présentés par l'accusé, et enfin le jugement motivé du Conseil. Dans le cas où le blanc laisse ici ne suf-

1128 5424 2989 172 firait pas pour insérer toutes ces mentions, on devra indiquer l'incident et le moment du débat il s'est produit, en ajoutant qu'il y a été statué par jugement

1128.0 5487.0 2963.0 172.0 séparé, lequel est joint et annexé au présent, et alors le jugement séparé doit indiquer la publicité de l'audience, se terminer par la même formule et être signé

1128 5544 2958 188 de la même manière que le jugement principal, en mentionnant qu'il y sera annexé comme en taisant partie. En cas de suspension d'audience et de remise au

1128.0 5607.0 1881.0 156.0 lendemain, la mention qui constate cette remise est signée par le Président et le Greffier seulement.

1170 5669 2602 183 (3) Indiquer si les réquisitions tendent à la déclaration de culpabilité et, dans ce cas, les articles de loi dont l'application est demandée.

1175 5737 2216 178 (4) S'il y a une chambre des délibérations, on mettra que le Tribunal s'est retiré dans la chambre des délibérations.

1353 5883 1458 115 Conseil de guerre. - N^o 967 de la Nomenclature générale. - Formule n^o 16.
