3699 6022
746.0 270.0 2531.0 174.0 Le canonnier, artificier Chayne, maurice, Paul, de la 26^e Batterie

284.0 444.0 3009.0 161.0 du 68^e Régiment d'Artillerie à pied, est-il coupable de désertion a l'intérieur

271.0 598.0 2868.0 148.0 en temps de guerre, pour ne s'être pas présenté à son corps, aux Armées, le 24

284.0 742.0 2983.0 154.0 Novembre 1917, jour de l'expiration de sa permission, ni dans les cinq jours que

281 868 401 140 ont suivi?

351.0 1341.0 2973.0 110.0 Les voix recueillies séparément, conformément à l'article 131 du Code de justice militaire, en commençant par le grade inférieur,

304.0 1435.0 1992.0 110.0 le Président ayant émis son opinion le dernier, le Conseil de guerre permanent déclare

836.0 1639.0 1128.0 130.0 à l'unanimité: oui

572.0 1850.0 2139.0 123.0 à la majorité il existe des circonstances atténuantes

356 2549 2986 155 Sur quoi, et attendu les conclusions prises par le Commissaire du Gouvernement dans ses réquisitions, le Président a lu le texte

301 2664 3036 121 de la loi, recueilli de nouveau les voix dans la forme prescrite par les articles 131 et 134 du Code de justice militaire pour l'appli-

307.0 2753.0 439.0 94.0 cation de la peine.

361.0 2826.0 2494.0 94.0 Le Conseil est rentré en séance publique, le Président a lu les motifs qui précèdent et le dispositif ci-dessous.

364.0 2893.0 2933.0 128.0 En conséquence, le Conseil (1) Condamne le Canonnier- artificier Chayne, Maurice

257.0 3007.0 3013.0 117.0 Paul, à la majorité de trois voix contre deux à la peine de deux

254.0 3121.0 3103.0 120.0 mois de prison, aux frais envers l'Etat et, à l'unanimité, fixe au minimum

247.0 3231.0 3073.0 141.0 la durée de la Contrainte par corps par application des articles 139, 232 du Code

247.0 3342.0 3046.0 147.0 de Justice militaire, 1^e de la loi du 19 Juillet 1901 et 9 de la loi du 22 juillet

254.0 3469.0 649.0 140.0 1867, ainsi conçus:

448.0 3569.0 2835.0 144.0 Article 232. du Code de J.M. « Tout sous- officier, caporal, brigadier ou

254.0 3700.0 3013.0 123.0 « soldat, coupable de désertion à l'intérieur.. est puni... de deux ans à

264.0 3810.0 3036.0 134.0 « trois ans de travaux publics. Si la désertion a eu lieu en temps de Guerre

405.0 3907.0 2952.0 147.0 Article 1^e loi du 19 Juillet 1901. « Si la peine est celle du travaux publics

244.0 4038.0 2996.0 140.0 « le Conseil de Guerre appliquera un emprisonnement de deux mois à cinq ans. »

398.0 4158.0 2741.0 141.0 Art. 139 Code de J.M. « Le Jugement qui prononce une peine contre

241.0 4262.0 2222.0 147.0 « l'accusé, le Condamne aux frais envers l'Etat. »

415.0 4369.0 2868.0 167.0 Article 9 loi du 22 Juillet 1867. « La durée de la contrainte par corps

235 4496 2947 171 « est réglée ainsi qu'il suit: de deux jours: vingt jours. lorsque

235 4606 3127 166 « l'amende et la autres condamnations n'excèdent par cinquante francs. »

376 5565 2986 110 (1) Avoir soin de spécifier, s'il y a lieu, après t'indication de la peine infligée, la décision motivée du Conseil relative à ma non-imputation pour tout ou

321 5615 1355 120 partie de la détention préventive sur la durée de la peine prononcée.
