3544 6022
338.0 177.0 3068.0 154.0 La séance ayant été ouverte, le Président a fait apporter et déposer devant lui, sur le bureau, un exemplaire du Code de justice

291.0 274.0 2968.0 150.0 militaire, du Code d'instruction criminelle et du Code pénal ordinaire, et ordonné à la garce d'amener l'accusé, qui a

291.0 331.0 3149.0 180.0 été introduit, libre et sans fers, devant le Conseil, accompagné de son défenseur M. Aubin, sapeur télégraphiste

334.0 478.0 1121.0 171.0 du 8^e Génie, désigné d'office.

354.0 873.0 670.0 100.0 Interrogé de ses

1074.0 796.0 2219.0 174.0 nom, prénoms, âge, lieu de naissance, état profession et domicile l'accusé

401.0 889.0 2982.0 161.0 a répondu se nommer Chayne, Maurice Paul, 43 ans, né à Bessèges, arr^t d'Alais

294.0 1013.0 3035.0 188.0 Gard, marié, cultivateur, domicilié à Vauvert, arr^t de Nimes (Gard), actuellement

301.0 1137.0 2794.0 194.0 canonnier artificier de la 26^e Batterie du 68^e Régiment d'Artillerie  à pied.

358.0 1776.0 3082.0 181.0 Le Président, après avoir fait lire par le greffier l'ordre de convocation, le rapport prescrit par l'article 108 du Code de justice

311.0 1860.0 2928.0 177.0 militaire, et les pièces dont la lecture lui a paru nécessaire, a fait connaître a l'accusé les faits à raison desquels il est

304.0 1960.0 2651.0 151.0 poursuivi, et lui a donné, ainsi qu'au défenseur, l'avertissement indiqué en l'article 121 dudit Code;

371 1997 3067 196 Après quoi, il a procédé à l'interrogatoire de l'accusé et a fait entendre publiquement et séparément les témoins à charge (1)

880.0 2101.0 2570.0 147.0 ; lesdits témoins ayant au préalable prêté serment de parler sans haine et sans crainte, juré de dire toute la

314.0 2218.0 649.0 123.0 vérité et rien que la vérité;

374.0 2415.0 3072.0 184.0 Et le Président ayant, en outre, rempli à leur égard les formalités prescrites par les articles 317 et 319 du Code d'instruction

334.0 2562.0 271.0 131.0 criminelle;

386 2639 80 136 (2)

398.0 3124.0 2965.0 171.0 Ouï M. le Commissaire du Gouvernement en ses réquisitions tendant à ce que (3) le sus-nommé soit déclaré

398.0 3251.0 2938.0 191.0 coupable de désertion à l'intérieur en temps de guerre et qu'il lui soit fait

398.0 3382.0 2449.0 174.0 application des articles 231, 232 et 234 du Code de Justice Militaire

341.0 3683.0 3149.0 167.0 et l'accusé dans ses moyens de défense, tant par lui que par son défenseur, lesquels ont

338.0 3760.0 3145.0 154.0 déclaré n'avoir rien à ajouter à leurs moyens de défense, et ont eu la parole les derniers, le Président a déclaré les débats terminés,

351.0 3884.0 1549.0 127.0 et il a ordonné au défenseur et a l'accusé de se retirer.

421.0 4094.0 3069.0 168.0 L'accusé a été reconduit par l'escorte à la prison; le Commissaire du Gouvernement, le Greffier et les assistants dans

368.0 4212.0 1338.0 123.0 l'auditoire se sont retirés sur l'invitation du Président (4);

425.0 4245.0 3062.0 174.0 Le Conseil délibérant à huis clos, le Président a posé la question, conformément à l'article 132 du Code de justice

381.0 4382.0 629.0 107.0 militaire, ainsi qu'il suit:

451.0 5138.0 573.0 97.0 (1) Et à décharge (s'il y en a).

451 5138 3042 166 (2) Indiquer si des témoins ont été entendus sans prestation de serment, et pour quel motif ; dire que les pièces de conviction, s'il y en a, ont été représentées.

396 5209 3087 160 Indiquer, en outre, ses incidents qui ont pu ce produire, en ayant soin de préciser à quel moment du débat ils ont en lieu, ses conclusions des parties, les

406 5269 3077 160 réquisitions du ministère public, les moyens de défense présentés par l'accusé, et enfin le jugement motivé du Conseil. Dans le cas où le blanc laisse ici ne suf-

401 5334 3102 151 firait pas pour insérer toutes ces mentions, on devra indiquer l'incident et le moment du débat il s'est produit, en ajoutant qu'il y a été statué par jugement

401 5399 3092 151 séparé, lequel est joint et annexé au présent, et alors le jugement séparé doit indiquer la publicité de l'audience, se terminer par la même formule et être signé

411 5454 3087 156 de la même manière que le jugement principal, en mentionnant qu'il y sera annexé comme en taisant partie. En cas de suspension d'audience et de remise au

414.0 5556.0 1945.0 104.0 lendemain, la mention qui constate cette remise est signée par le Président et le Greffier seulement.

461.0 5600.0 2681.0 127.0 (3) Indiquer si les réquisitions tendent à la déclaration de culpabilité et, dans ce cas, les articles de loi dont l'application est demandée.

478.0 5680.0 2279.0 117.0 (4) S'il y a une chambre des délibérations, on mettra que le Tribunal s'est retiré dans la chambre des délibérations.

645.0 5777.0 1546.0 121.0 Conseil de guerre. - N^o 967 de la Nomenclature générale. - Formule n^o 16.
