3699 6022
296 145 2876 241 Mourmelon-le-Grand (Maine) du 10 Juin 1917, jour de l'absence cou

344.0 307.0 2779.0 191.0 au 8 décembre 1917, jour de son arrestation par le police à Paris

271 1309 2936 196 Les voix recueillies séparément, conformément à l'article 131 du Code de justice militaire, en commençant par le grade inférieur

220 1395 1983 165 le Président ayant émis son opinion le dernier, le Conseil de guerre permanent déclare

800.0 1686.0 2015.0 187.0 Sur la 1^ère Question, à l'unanimité: oui

796.0 1953.0 1992.0 181.0 Sur la 2^ème question, à l'unanimité: Oui.

267.0 2576.0 2936.0 137.0 Sur quoi, et attendu les conclusions prises par le Commissaire du Gouvernement dans ses réquisitions, le Président a lu le texte

214.0 2659.0 2979.0 134.0 de la loi, recueilli de nouveau les voix dans la forme prescrite par les articles 131 et 134 du Code de justice militaire pour l'appli-

210.0 2729.0 449.0 97.0 cation de la peine.

271.0 2800.0 2477.0 134.0 Le Conseil est rentré en séance publique, le Président a lu les motifs qui précèdent et le dispositif ci-dessous.

271.0 2880.0 2929.0 134.0 En conséquence, le Conseil (1) Attendu que le 2^e sapeur mineur Plat, Emile a été

190.0 2964.0 3016.0 190.0 condamne le 7 février 1916, par le Conseil de guerre de le 5^e division de cavalerie

187.0 3087.0 3023.0 161.0 à la peine de trois ans de travaux publics, pour désertion à l'intérieur en temps

184.0 3191.0 3032.0 174.0 de guerre, ainsi que cela résulte des documents du dossier; attendu, dès lors qu'il

184.0 3305.0 3049.0 167.0 est Constant que l'inculpé a déserté antérieurement, le Condamne à la Majori

187.0 3409.0 3053.0 170.0 de trois voix contre deux, à la peine de Quatre ans de travaux public

194.0 3529.0 3012.0 157.0 aux frais envers l'Etat et, à l'unanimité, fixe ou minimum la durée de la

180.0 3650.0 3070.0 157.0 contrainte par cops, par application des articles 139, 232 du Code de Justice unit

194.0 3740.0 1791.0 157.0 et 9 de le loi du 22 Juillet 1867, ainsi conçus:

297.0 3850.0 2960.0 194.0 Article 232. Code de J.M. « Tout sous officier caporal brigadier ou soldat, e

284.0 3984.0 2973.0 164.0 de désertion de l'intérieur... et puni... de deux ans à cinq ans de travaux pr

291 4089 1746 166 si la désertion a eu lieu en temps de guerre?

314.0 4215.0 2943.0 177.0 Article 139. Code de J.M. "Le Jugement qui prononcera une peine contre

306 4310 1490 156 le condamne aux frais envers l'Etat.

314.0 4432.0 2943.0 144.0 Article 9. loi du 22 Juillet 1867. « La durée de la contrainte par corps est réglée

301.0 4563.0 2949.0 154.0 qu'il suit: de vingt jours à quarante jours lorsque l'amende et les autre

311.0 4683.0 1576.0 151.0 ton n'excèdent pas cinquante francs. »

225 5510 2997 150 (1) Avoir soin de spécifier, s'il y a lieu, après t'indication de la peine infligée, la décision motivée du Conseil relative à ma non-imputation pour tout ou

187.0 5610.0 1326.0 97.0 partie de la détention préventive sur la durée de la peine prononcée.
