3544 6022
388.0 150.0 3015.0 137.0 La séance ayant été ouverte, le Président a fait apporter et déposer devant lui, sur le bureau, un exemplaire du Code de justice

341.0 240.0 2945.0 117.0 militaire, du Code d'instruction criminelle et du Code pénal ordinaire, et ordonné à la garde d'amener l'accusé, qui a

334.0 304.0 3143.0 164.0 été introduit, libre et sans fers, devant le Conseil, accompagné de son défenseur M. Aubin, sapeur télégraphiste

358.0 398.0 1168.0 167.0 du 8^e Génie, désigné d'office

378.0 776.0 2921.0 144.0 Interrogé de ses nom, prénoms, âge, lieu de naissance, état profession et domicile l'accusé

418.0 863.0 2958.0 140.0 a répondu se nommer Kerkouche Mohamed ben Mohamed, 28 ans, né au

364.0 963.0 2939.0 161.0 Douar Tikohain, Arrondiss^t de Tizi-Ouzou (commune de Mizrana) Département d'Alger; y

371.0 1090.0 3102.0 151.0 domicilié, veuf sans enf^t cultivateur, actuellement tirailleur de 2^e Classe du 5^e Régiment de

371.0 1197.0 1861.0 161.0 tirailleurs indigènes (4^e G.B.I. de la II^e Armée).

351.0 1749.0 3029.0 134.0 Le Président, après avoir fait lire par le greffier l'ordre de convocation, le rapport prescrit par l'article 108 du Code de justice

301.0 1846.0 2871.0 104.0 militaire, et les pièces dont la lecture lui a paru nécessaire, a fait connaître a l'accusé les faits à raison desquels il est

291.0 1917.0 2617.0 110.0 poursuivi, et lui a donné, ainsi qu'au défenseur, l'avertissement indiqué en l'article 121 dudit Code;

351.0 2000.0 3015.0 117.0 Après quoi, il a procédé à l'interrogatoire de l'accusé et a fait entendre publiquement et séparément les témoins a charge (1)

853.0 2070.0 2516.0 134.0 ; lesdits témoins ayant au préalable prêté serment de parler sans haine et sans crainte, juré de dire toute la

297.0 2127.0 626.0 131.0 vérité et rien que la vérité;

341.0 2392.0 3025.0 143.0 Et le Président ayant, en outre, rempli à leur égard les formalités prescrites par les articles 317 et 319 du Code d'instruction

287.0 2462.0 3009.0 174.0 criminelle; le sergent-fourrier Delfino, du 5e tirailleurs indigènes, régulièrement cité ne s'est

358.0 2545.0 2918.0 198.0 (2) pas présenté; de l'accord des parties, le Président a ordonné qu'il soit passé outre au débats.

341.0 2673.0 3025.0 184.0 conformément à l'art. 126 du Code de J.M. Lecture de la déposition écrite a été faite par le greffier.

334.0 3077.0 3109.0 151.0 Ouï M. le Commissaire du Gouvernement en ses réquisitions tendant à ce que (3) le susnommé soit déclaré coupable

327.0 3188.0 2976.0 160.0 de désertion à l'intérieur en temps de guerre et à ce qu'il lui soit fait

307.0 3305.0 2614.0 171.0 application des articles 231, 232, 234 du Code de Justice militaire

257.0 3633.0 3102.0 150.0 et l'accusé dans ses moyens de défense, tant par lui que par sou défenseur, lesquels ont

261.0 3733.0 3088.0 134.0 déclaré n'avoir rien à ajouter à leurs moyens de défense, et ont eu la parole les derniers, le Président a déclaré les débats terminés,

257.0 3823.0 1526.0 91.0 et il a ordonné au défenseur et a l'accusé de se retirer.

301.0 4048.0 3048.0 150.0 L'accusé a été reconduit par l'escorte à la prison; le Commissaire du Gouvernement, le Greffier et les assistants dans

254.0 4135.0 1335.0 107.0 l'auditoire se sont retirés sur l'invitation du Président (4);

307.0 4208.0 3042.0 137.0 Le Conseil délibérant à huis clos, le Président a posé la question, conformément à l'article 132 du Code de justice

257.0 4282.0 609.0 97.0 militaire, ainsi qu'il suit:

572.0 4355.0 2767.0 178.0 Le tirailleur de 2^e classe Kerkouche, Mohamed ben Mohamed,

247.0 4483.0 3076.0 170.0 du 5^e Régiment de tirailleurs indigènes (4^e Groupe de Bataillons d'instruction

247.0 4596.0 3069.0 181.0 de la II^e Armée) est-il Coupable de désertion à l'intérieur en temps de guerre, pour

240.0 4713.0 3042.0 178.0 ne s'être pas présenté à l'autorité militaire (Sous-Intendance militaire d'Alger) le 16

235 4827 3047 211 Octobre 1917, jour de l'expiration de sa permission ni dans les cinq jours qui ont suivi?

291.0 5065.0 639.0 57.0 (1) Et à décharge (s'il y en a).

291 5073 3037 171 (2) Indiquer si des témoins ont été entendus sans prestation de serment, et pour quel motif ; dire que les pièces de conviction, s'il y en a, ont été représentées.

245 5143 3073 161 Indiquer, en outre, ses incidents qui ont pu ce produire, en ayant soin de préciser à quel moment du débat ils ont en lieu, ses conclusions des parties, les

250 5219 3073 140 réquisitions du ministère public, les moyens de défense présentés par l'accusé, et enfin le jugement motivé du Conseil. Dans le cas où le blanc laisse ici ne suf-

245 5279 3078 150 firait pas pour insérer toutes ces mentions, on devra indiquer l'incident et le moment du débat il s'est produit, en ajoutant qu'il y a été statué par jugement

250 5339 3063 156 séparé, lequel est joint et annexé au présent, et alors le jugement séparé doit indiquer la publicité de l'audience, se terminer par la même formule et être signé

245 5404 3068 161 de la même manière que le jugement principal, en mentionnant qu'il y sera annexé comme en taisant partie. En cas de suspension d'audience et de remise au

250.0 5469.0 1952.0 118.0 lendemain, la mention qui constate cette remise est signée par le Président et le Greffier seulement.

294.0 5536.0 2654.0 138.0 (3) Indiquer si les réquisitions tendent à la déclaration de culpabilité et, dans ce cas, les articles de loi dont l'application est demandée.

301.0 5597.0 2272.0 127.0 (4) S'il y a une chambre des délibérations, on mettra que le Tribunal s'est retiré dans la chambre des délibérations.

488.0 5707.0 1503.0 120.0 Conseil de guerre. - N^o 967 de la Nomenclature générale. - Formule n^o 16.
