3544 6022
381.0 120.0 2982.0 137.0 La séance ayant été ouverte, le Président a fait apporter et déposer devant lui, sur le bureau, un exemplaire du Code de justice

307.0 214.0 2979.0 120.0 militaire, du Code d'instruction criminelle et du Code pénal ordinaire, et ordonné à la garde d'amener l'accusé, qui a

301.0 291.0 2871.0 140.0 été introduit, libre et sans fers, devant le Conseil, accompagné de son défenseur M. Aubin, sapeur

334.0 368.0 1694.0 187.0 télégraphiste du 8^e Génie désigné d'office.

354.0 746.0 2922.0 130.0 Interrogé de ses nom, prénoms, âge, lieu de naissance, état profession et domicile l'accusé

411.0 839.0 2985.0 127.0 a répondu se nommer Plat, Émile, 38 ans, né a Mouhel, arr^t de: Le Blanc, Indre

307.0 946.0 3116.0 151.0 marié, paveur, demeurant à Nogent Sur Marne, arr^t de Sceaux, Seine, actuelle^t

331.0 1037.0 2379.0 187.0 2^e sapeur mineur de le C^ie 9/1. du 6^e Régiment du Génie.

348.0 1716.0 3011.0 130.0 Le Président, après avoir fait lire par le greffier l'ordre de convocation, le rapport prescrit par l'article 108 du Code de justice

294.0 1819.0 2865.0 98.0 militaire, et les pièces dont la lecture lui a paru nécessaire, a fait connaître a l'accusé les faits à raison desquels il est

284.0 1890.0 2614.0 107.0 poursuivi, et lui a donné, ainsi qu'au défenseur, l'avertissement indiqué en l'article, 121 dudit Code;

341.0 1963.0 3005.0 114.0 Après quoi, il a procédé à l'interrogatoire de l'accusé et a fait entendre publiquement et séparément les témoins à charge (1)

809.0 2057.0 2544.0 107.0 ; lesdits témoins ayant au préalable prêté serment de parler sans haine et sans crainte, juré de dire toute la

274.0 2057.0 632.0 157.0 vérité et rien que la vérité;

338.0 2368.0 3008.0 131.0 Et le Président ayant, en outre, rempli à leur égard les formalités prescrites par les articles 317 et 319 du Code d'instruction

294.0 2438.0 258.0 111.0 criminelle;

346 2509 70 130 (2)

331.0 3041.0 2931.0 154.0 Ouï M. le Commissaire du Gouvernement en ses réquisitions tendant à ce que (3) le susnommé soit déclaré

271.0 3154.0 2988.0 141.0 coupable de désertions à l'intérieur en temps de guerre et à a qu'il lui soit

334.0 3271.0 2520.0 151.0 application des articles 225, 232, 234 du Code de Justice militaire

247.0 3599.0 3096.0 134.0 et l'accusé dans des moyens de défense, tant par lui que par son défenseur, lesquels ont

254.0 3696.0 3075.0 124.0 déclaré n'avoir rien à ajouter à leurs moyens de défense, et ont eu la parole les derniers, le Président a déclaré les débats terminés

250.0 3773.0 1533.0 114.0 et il a ordonné au défenseur et a l'accusé de se retirer.

317.0 4018.0 3009.0 127.0 L'accusé a été reconduit par l'escorte à la prison; le Commissaire du Gouvernement, le Greffier et les assistants dans

257.0 4111.0 1332.0 97.0 l'auditoire se sont retirés sur l'invitation du Président (4);

321.0 4188.0 3002.0 111.0 Le Conseil délibérant à huis clos, le Président a posé les questions, conformément à l'article 132 du Code de justice

264.0 4252.0 639.0 117.0 militaire, ainsi qu'il suit:

615.0 4325.0 2701.0 184.0 1^e Question.- Le 2^e sapeur mineur Pat, Emile de le Compagnie

287.0 4449.0 3006.0 171.0 9/1 T 6^e Régiment du Génie, est-il Coupable de désertion à l'intérieur en

271 4546 3052 211 temps de guerre, pour ne s'être pas présenté à son Corps aux Armées, le 6

256 4672 3047 175 Mai 1917, jour de l'expiration de sa permission, ni dans les cinq jours qui ont suivi?

592.0 4787.0 2690.0 187.0 2^e Question. - Est-il coupable de désertion à l'intérieur un temps

291.0 5048.0 649.0 33.0 (1) Et à décharge (s'il y en a).

301.0 5058.0 2995.0 130.0 (2) Indiquer si des témoins ont été entendus sans prestation de serment, et pour quel motif ; dire que les pièces de conviction, s'il y en a, ont été représentées.

276 5103 3037 151 Indiquer, en outre, ses incidents qui ont pu ce produire, en ayant soin de préciser à quel moment du débat ils ont en lieu, ses conclusions des parties, les

271 5173 3032 141 réquisitions du ministère public, les moyens de défense présentés par l'accusé, et enfin le jugement motivé du Conseil. Dans le cas où le blanc laisse ici ne suf-

266 5239 3057 130 firait pas pour insérer toutes ces mentions, on devra indiquer l'incident et le moment du débat il s'est produit, en ajoutant qu'il y a été statué par jugement

266 5304 3047 135 séparé, lequel est joint et annexé au présent, et alors le jugement séparé doit indiquer la publicité de l'audience, se terminer par la même formule et être signé

261 5359 3042 146 de la même manière que le jugement principal, en mentionnant qu'il y sera annexé comme en taisant partie. En cas de suspension d'audience et de remise au

266 5424 1962 111 lendemain, la mention qui constate cette remise est signée par le Président et le Greffier seulement.

326 5485 2610 140 (3) Indiquer si les réquisitions tendent à la déclaration de culpabilité et, dans ce cas, les articles de loi dont l'application est demandée.

316 5545 2249 150 (4) S'il y a une chambre des délibérations, on mettra que le Tribunal s'est retiré dans la chambre des délibérations.

495.0 5687.0 1502.0 94.0 Conseil de guerre. - N^o 967 de la Nomenclature générale. - Formule n^o 16.

281 4882 2906 196 de guerre, pour s'être absenté sans autorisation de son corps, cantonné à
