3544 6022
491 90 2882 180 Enjoint au Commissaire du Gouvernement de faire donner immédiatement en sa présence lecture du présent jugement a u

495.0 234.0 1512.0 97.0 condamné devant la garde rassemblée sous les armes,

451 260 3057 181 de avertir que la loi accorde un délai de trois jours francs pour se pouvoir en cassation (1), ou de vingt-quatre heures

446 376 723 145 pour se pourvoir en revision (2).

498.0 515.0 2580.0 144.0 Fait, clos et jugé sans désemparer, en séance publique, à Chalons.s.Marne, les jour, mois et an que dessus.

498.0 679.0 3002.0 113.0 En conséquence, LE PRÉSIDENT DE LA RÉPUBLIQUE MANDE et ORDONNE à tous huissiers sur ce requis de mettre ledit jugement à

441.0 759.0 3059.0 100.0 exécution ; aux Procureurs généraux et aux Procureurs de la République près les tribunaux de première instance d'y tenir la

438.0 849.0 2757.0 87.0 main; à tous commandants et officiers de la force publique de prêter main-forte lorsqu'ils en seront légalement requis.

491 983 2144 141 En foi de quoi le présent jugement a été signé par les Membres du Conseil et par le Greffier.

2856 983 356 271 +

532 1124 652 416 +

1310 1083 507 427 +

1777 1114 527 461 +

2279 1239 341 306 +

2464 1410 482 266 +

481.0 1726.0 2888.0 90.0 L'an mil neuf cent dix huit le 5 janvier le présent jugement a été lu par nous, Greffier soussigné, au condamné

1546 1781 1952 110 averti par le Commissaire du Gouvernement que l'article 44 de la loi du 17 avril

431 1856 2766 111 1906 accorde trois jours pour se pourvoir en cassation (1), ou que les articles 141 et 143 du Code de justice militaire

431 1927 2927 135 accordent vingt-quatre heures pour se pourvoir en revision (2), lesquels commencent à courir de l'expiration du présent jour.

3383 1932 110 125 Cette

426 2002 1466 120 lecture faite en présence de la garde rassemblée sous les armes.

1109 2142 783 116 Le Commissaire du Gouvernement,

2630 2142 261 121 Le Greffier,

2550 2213 411 406 +

1169 2298 562 316 +

1631 2589 642 166 EXÉCUTOIRE.

488.0 2893.0 1650.0 161.0 Vu la procédure instruite contre le M^e Plat Emile

689.0 3131.0 2269.0 114.0 1^o Coût du transport des pièces et objets pouvant servie à conviction ou à décharge................. ......

686.0 3231.0 2218.0 91.0 2^o Honoraires des officiers de santé, médecins, chirurgiens civils, sages-femmes, experts, interprètes, traducteurs et

763.0 3295.0 2131.0 87.0 autres, appelés en justice.................................................................

676.0 3338.0 2222.0 97.0 3^o Indemnités accordées aux témoins civils et militaires..............................................

665.0 3415.0 2233.0 91.0 4^o Frais de garde de scellés et ceux de mise en fourrière.............................................

666 3467 2225 106 5^o Indemnités de route, de transport et de séjour, accordées aux membres des tribunaux militaires pour les dépla-

756.0 3546.0 2145.0 93.0 cements auxquels l'instruction des procédures peut donner lieu, ainsi que toutes autres dépenses nécessitées

742 3598 2149 100 de ce chef..............................................................................

665.0 3663.0 2233.0 104.0 6^o Port des lettres et paquets pour l'instruction, sauf le port des lettres résultant de l'application de la loi du

712.0 3726.0 2186.0 97.0 15 juin 1899............................................................................

657 3768 2219 121 7^o Frais l'impression des arrêts, jugements et ordonnances de justice, quand il y a lieu..................

657 3839 2455 115 8^o Prime de capture des contumax, des déserteurs et des insoumis...................................... 50.00

657 3909 2435 115 9^o Frais résultant de l'obtention des extraits du casier judiciaire......................................... 0.25

657 3974 2234 100 10^o Prix du bulletin n^o 1 et du duplicata dudit (décret du 12 décembre 1899, art. 13).....................

657 4034 2239 111 11^o Coût des bulletins n^o 1 et du duplicata de ces bulletins établis par les greffiers des conseils de guerre au sujet

783.0 4104.0 2322.0 81.0 des condamnations prononcées par ces conseils (décret du 12 décembre 1899, art. 13).................... 0.55

702.0 4148.0 2370.0 117.0 12^o Frais de procédure ou coût du jugement........................................................ 12^f 00

659.0 4228.0 2225.0 104.0 13^o Amende.........................................................................................

639.0 4295.0 2255.0 91.0 14^o Décimes additionnels (en France)...............................................................

662.0 4345.0 2229.0 104.0 15^o Frais fixes de procédure devant la Cour de cassation ou le Conseil de revision...........................

662.0 4406.0 2229.0 113.0 16^o Frais fixes de procédure devant le Conseil de guerre jugeant en 2^e instance.............................

1455.0 4506.0 1660.0 127.0 TOTAL.................................................. 62^80

488.0 4683.0 2999.0 124.0 Vu le dispositif du jugement définitif, l'article 139 du Code de justice militaire, le Président du Conseil de guerre

436 4752 372 130 permanent de le

823 4767 2630 120 du Quartier Général liquide les frais dont l'état est ci-dessus à la somme de soixante deux francs

441.0 4857.0 3049.0 114.0 quatre vingts centimes. du montant de laquelle il délivre le présent exécutoire, pour le recouvrement de

428.0 4924.0 2982.0 121.0 ladite somme être poursuivi sur les biens présents et a venir du condamné, par les percepteurs des Contributions directes.

468.0 5001.0 3015.0 111.0 En conséquence, LE PRÉSIDENT DE LA RÉPUBLIQUE MAADE ET ORDONNE à tous huissiers sur ce requis de mettre ledit jugement à

435.0 5088.0 3048.0 100.0 exécution; aux Procureurs généraux et aux Procureurs de la République près les tribunaux de première instance d'y tenir la

438.0 5148.0 2754.0 121.0 main; à tous commandants et officiers de la force publique de preter main-forte lorsqu'ils en seront légalement requis.

491 5219 2425 175 Fait en la Chambre du Conseil de guerre susdit, à Châlons-s-Marne, le 5 Janvier 1918

435.0 3037.0 893.0 81.0 et les frais d'icelle dont le détail suit:

25 3261 190 1401 Le présent jugement à commencé à recevoir son

135 3256 146 1416 exécution le Janvier 1918 à la parade

210 3648 171 1019 pour compter du 26 novembre 1917

306 3387 170 1124 L'Officier d'Administration Greffier

396 3638 356 562 +

481 5525 809 95 (1) En France, en Algérie et en Tunisie.

501 5570 618 135 (1) Aux colonies et aux armées.

2409 5404 301 116 Le Président,

2243 5485 678 301 +

465.0 1779.0 699.0 107.0 Plat, sus-qualifié
