3544 6022
401.0 167.0 2878.0 127.0 Enjoint au Commissaire du Gouvernement de faire donner immédiatement en sa présence lecture du présent jugement au

435.0 264.0 1482.0 110.0 Condamné devant la garde rassemblée sous les armes,

336 311 3107 140 de avertir que la loi accorde un délai de trois jours francs pour se pourvoir en cassation (1), ou de vingt-quatre heures

334 424 760 121 pour se pourvoir en revision (2).

394.0 558.0 2621.0 141.0 FAIT, clos et jugé sans désemparer, en séance publique, à Châlons-s/Marne, les jour, mois et an que dessus.

394.0 725.0 3056.0 114.0 En conséquence, LE PRÉSIDENT DE LA RÉPUBLIQUE MANDE et ORDONNE a tous huissiers sur ce requis de mettre ledit jugement à

338.0 796.0 3108.0 120.0 exécution; aux Procureurs généraux et aux Procureurs de la République près les tribunaux de première instance d'y tenir la

338.0 866.0 2784.0 130.0 main; à tous commandants et officiers de la force publique de prêter main-forte lorsqu'ils en seront légalement requis.

398.0 993.0 2168.0 144.0 En foi de quoi le présent jugement a été signé par les Membres du Conseil et par le Greffier

2605 973 497 371 +

356 1194 698 406 +

993 1149 457 461 +

1621 1189 507 426 +

2168 1349 321 291 +

2454 1425 522 301 +

388.0 1756.0 2928.0 104.0 L'au mil neuf cent dix-huit le 5 Janvier le présent jugement a été lu par nous, Greffier soussigné, au condamné

401.0 1846.0 746.0 101.0 Chayne susqualifié,

1460 1826 1988 126 averti par le Commissaire du Gouvernement que l'article 44 de la loi du 17 avril

341 1906 2786 116 1906 accorde trois jours pour se pourvoir en cassation (1), ou que les articles 141 et 143 du Code de justice militaire

336 1972 2962 135 accordent vingt-quatre heures pour se pourvoir en revision (2), lesquels commencent à courir de l'expiration du présent jour

3328 1962 125 180 Cette

334.0 2074.0 1489.0 117.0 lecture faite en présence de la garde rassemblée sous les armes.

1029 2182 778 136 Le Commissaire du Gouvernement,

998 2293 588 196 +

2570 2182 246 146 Le Greffier,

2479 2238 487 456 +

1576 2649 662 161 EXÉCUTOIRE.

404.0 2970.0 2112.0 164.0 Vu la procédure instruite contre le né Chayne, Maurice Paul.

595.0 3201.0 2256.0 107.0 1^o Coût du transport des pièces et objets pouvant servie à conviction ou à décharge................. ......

588.0 3278.0 2273.0 111.0 2^o Honoraires des officiers de santé, médecins, chirurgiens civils, sages-femmes, experts, interprètes, traducteurs et

689.0 3345.0 2155.0 90.0 autres, appelés en justice.................................................................

597 3397 2244 115 3^o Indemnités accordées aux témoins civils et militaires..............................................

592 3467 2249 101 4^o Frais de garde de scellés et ceux de mise en fourrière.............................................

592 3532 2244 96 5^o Indemnités de route, de transport et de séjour, accordées aux membres des tribunaux militaires pour les dépla-

605.0 3599.0 2246.0 94.0 cements auxquels l'instruction des procédures peut donner lieu, ainsi que toutes autres dépenses nécessitées

642.0 3666.0 2205.0 81.0 de ce chef..............................................................................

599.0 3730.0 2262.0 100.0 6^o Port des lettres et paquets pour l'instruction, sauf le port des lettres résultant de l'application de la loi du

625.0 3787.0 2226.0 83.0 15 juin 1899............................................................................

592 3839 2249 115 7^o Frais l'impression des arrêts, jugements et ordonnances de justice, quand il y a lieu..................

597 3904 2470 110 8^o Prime de capture des contumax, des déserteurs et des insoumis...................................... 25.00

619.0 3974.0 2232.0 97.0 9^o Frais résultant de l'obtention des extraits du casier judiciaire.........................................

587 4024 2470 101 10^o Prix du bulletin n^o 1 et du duplicata dudit (décret du 12 décembre 1899, art. 13)..................... 0.25

582 4084 2269 126 11^o Coût des bulletins n^o 1 et du duplicata de ces bulletins établis par les greffiers des conseils de guerre au sujet

682 4145 2390 110 des condamnations prononcées par ces conseils (décret du 12 décembre 1899, art. 13).................... 0.40

592 4215 2439 115 12^o Frais de procédure ou coût du jugement........................................................ 12^f 00

597 4285 2254 106 13^o Amende.........................................................................................

597 4335 2249 121 14^o Décimes additionnels (en France)...............................................................

582.0 4429.0 2275.0 77.0 15^o Frais fixes de procédure devant la Cour de cassation ou le Conseil de revision...........................

582.0 4476.0 2269.0 120.0 16^o Frais fixes de procédure devant le Conseil de guerre jugeant en 2^e instance.............................

1405 4546 1657 161 TOTAL.................................................. 37.65

296 3427 100 1099 Détention Préventive du 10 X^bre 1917 au 6 janvier 1918

326 3618 191 757 L'office d'administration greffier

411 3593 336 446 +

411.0 4767.0 3069.0 117.0 Vu le dispositif du jugement définitif, l'article 139 du Code de justice militaire, le Président du Conseil de guerre

361 4847 381 116 permanent de le

788 4857 2590 101 du Quartier Genéral liquide les frais dont l'état est ci-dessus à la somme de trente sept francs

418.0 4928.0 3062.0 107.0 soixante cinq Centimes du montant de laquelle il délivre le présent exécutoire, pour le recouvrement de

361.0 5008.0 3029.0 90.0 ladite somme être poursuivi sur les biens présents et a venir du condamné, par les percepteurs des Contributions directes.

401.0 5085.0 3079.0 87.0 En conséquence, LE PRÉSIDENT DE LA RÉPUBLIQUE MANDE ET ORDONNE a tous huissiers sur ce requis de mettre ledit jugement à

364.0 5148.0 3113.0 114.0 exécution; aux Procureurs généraux et aux Procureurs de la République près les tribunaux de première instance d'y tenir la

368.0 5235.0 2794.0 104.0 main; a tous commandants et officiers de la force publique de prêter main-forte lorsqu'ils en seront légalement requis.

425.0 5302.0 2489.0 131.0 Fait en la Chambre du Conseil de Guerre susdit, à Châlons sur Marne, le 5 Janvier 1918

344.0 3094.0 904.0 101.0 et les frais d'icelle dont le détail suit:

5 3467 160 1054 Par décision de M. le Général Command

95 3462 145 1074 la IV Armée en date du 6 Janvier 1918

170 3452 136 1079 l'exécution de la peine a été suspendue

418.0 5590.0 796.0 94.0 (1) En France, en Algérie et en Tunisie.

431.0 5657.0 603.0 100.0 (2) Aux colonies et aux armée.

2384 5459 286 121 Le Président,

2339 5535 517 281 +
